2400 3429
402 420 838 639 Volls
856 410 1496 638 Zeilung.

539 635 676 697 Organ
697 632 760 693 fuͤr
778 632 1009 685 Jedermann
1033 638 1105 683 aus
1127 631 1209 681 dem
1231 627 1358 681 Volke.

600 703 747 725 Gratu⸗Beilagt:
760 701 928 725 „Gutenbera'
939 699 1080 725 Jtuttrirtes
1092 698 1296 724 Gountacsblatt.“

62 418 175 451 M321.
195 415 390 452 Morgenblatt.

124 464 214 491 Freitag,
228 462 262 487 12.
276 462 332 489 Zuli.

67 515 93 530 Du
101 514 150 532 Bolta.
152 513 209 530 Aeona⸗
217 512 269 527 ercelml
277 512 317 527 aſtks
326 511 388 529 noc

109 539 128 544 —
137 531 211 549 Morgenk
220 530 250 545 und
260 529 318 544 bendt
328 536 345 541 —

66 551 89 565 um
93 550 161 564 uanahmt
166 553 185 563 der
188 550 219 565 Ragt
224 551 251 562 nach
255 548 295 562 Sonn
301 551 324 561 unb
326 547 388 564 Feſtraqen.

68 569 104 583 terf.
107 569 176 582 edaret:
189 567 230 583 tierl
239 567 314 583 Bealraitth
323 568 335 580 in
344 567 389 580 Veriun

77 589 166 604 tdettioen
176 589 208 603 and
217 587 379 604 Kaupbtrbeditien

157 606 178 620 V.
184 605 262 620 Iuowitrait
272 606 298 619 108.

74 625 86 639 —
87 626 162 640 —
163 629 178 639 ⏑
183 626 219 640 —
235 629 270 638 ——
271 625 319 638 —
74 624 385 642 ⏑
322 624 385 639 —

67 640 175 654 Bnonttone
180 642 199 654 an.
211 641 226 654 G.
231 641 254 654 Et.
259 638 332 654 ſrantfurtet
339 639 366 652 Sit.
370 638 390 654 At.

66 658 93 671 80.
101 659 162 671 Konhuit
168 657 196 671 Ett
201 657 212 671 4.
221 657 235 671 8.
241 655 390 671 Kommandantenit.

67 674 85 690 —
92 674 150 690 :m:——
151 677 165 688 ⏑n
173 673 221 688 —
229 672 262 686 —
270 672 335 688 ⏑e⏑—⏑
67 670 391 690 ?“t
336 670 391 688 —

151 693 195 706 Heul
202 692 229 705 umd
237 692 294 706 Berien

67 708 149 724 —
67 704 392 724 —
150 709 169 722 ⏑
169 715 174 722 ⏑
181 706 237 722 —
261 705 296 722 ——
297 706 321 722 —
362 704 392 721 2—

139 715 181 735 ul.
182 714 260 735 3
260 714 295 735 3
297 706 325 733 43

1623 404 1724 428 Berlim.

1533 434 1592 458 lo.
1608 447 1635 452 —
1648 436 1685 458 9.
1695 435 1808 463 Jahrgang

1650 469 1706 472 iniiiiiiiiimiiiimimi

1533 483 1699 498 Etennemenittbreiz
1708 484 1734 498 kür
1743 483 1806 498 Lerlin;

1508 501 1600 519 Ktetteliahrluch
1606 504 1666 519 Mal
1673 504 1713 518 tâglich
1719 503 1774 519 zugeftelli
1780 504 1790 516 .
1792 504 1807 515 ao
1812 501 1831 517 u

1606 523 1628 533 —
1637 520 1667 533 —
1668 522 1694 534 —

1779 520 1790 532 4.
1793 526 1808 529 —
1816 528 1825 535 4

1508 530 1575 552 —
1508 530 1824 552 —
1605 539 1633 552 El
1508 530 1824 552 .

1742 529 1749 535 u

1538 705 1590 723 ——
1598 707 1672 723 —
1538 705 1800 723 my
1681 707 1712 723 —
1746 705 1800 723 —

1605 556 1628 566 —
1637 552 1667 566 —
1667 554 1694 567 —

1779 553 1823 568 LAd

1742 562 1749 568 u

1539 562 1548 569 m

1589 571 1666 585 Muchentich
1675 571 1691 584 35
1700 570 1754 586 Pfeun

1516 588 1555 601 Uelm
1563 589 1665 602 Eeibgabbolen
1673 591 1699 602 goug
1707 590 1729 601 der
1737 588 1823 602 Erpedltloni

1510 606 1544 620 —
1546 607 1574 620 —
1580 607 1624 620 —
1631 607 1676 620 ⏑
1683 607 1689 620 —
1690 606 1737 621 ——
1743 606 1807 620 —
1811 604 1830 621 —

1573 624 1624 638 et
1631 625 1690 637 mummet:
1699 625 1712 636 1o
1719 624 1772 638 tenni

1517 640 1548 656 Uei
1557 641 1599 655 auen
1609 641 1690 655 Teutichen
1699 641 1822 656 Beotagnnalten!

1536 660 1617 674 Quchl
1624 660 1649 673 4
1536 659 1802 674 0
1656 660 1679 673 n.
1687 660 1743 673 monauida
1752 660 1776 674 lo
1784 659 1802 673 n

1571 687 1768 704 Jufertieuttebabri

61 788 113 813 Die
124 783 415 813 Entwickelungsſtufen
427 783 474 808 des
483 782 633 809 Gewerbes.

105 817 143 835 Ber
154 820 200 834 nuter
212 816 284 836 kundiger
295 815 373 836 Fünrung
388 814 422 831 eine
434 812 535 833 Wanderung
548 813 593 829 durch
604 813 634 829 das

630 867 634 875 .

62 882 117 899 welche
127 880 151 898 die
159 872 235 897 Gewerde
247 880 263 897 in
275 880 316 899 ihrer
323 878 442 899 Jahrtauiende
453 878 511 897 langen
518 875 633 897 Cuwickelung

62 902 177 923 durchgemacht
188 901 243 918 baben.
262 900 293 918 Die
304 899 407 920 Nueſtelluug
418 898 523 919 ſchwediichen
531 898 578 919 —
580 897 633 918 —

62 922 117 941 Unter
128 924 157 940 den
169 922 232 942 Linden,
250 922 275 939 die
287 921 428 942 Hausſchneiderin
446 921 463 937 in
478 920 504 936 der
520 920 634 937 töckterreichen

62 944 135 965 Familie,
143 945 197 965 irgend
205 945 230 961 ein
237 942 305 961 biederer
311 942 420 965 Handwerker,
428 941 452 958 die
457 940 634 961 Kontektionsinduitrie

63 971 89 984 am
105 965 260 987 Hausvoigteiplatze
276 965 309 982 und
328 964 386 982 endlich
402 963 427 980 die
444 964 517 980 moderne
534 961 591 983 Fabrik
607 963 635 979 mit

65 987 155 1008 Bunderten
167 988 203 1004 oder
213 985 306 1004 Taufenden
317 988 349 1003 von
361 984 452 1002 Arbeitern:
463 984 504 1006 jeder
515 987 547 1001 von
558 984 605 1002 ihnen
617 983 634 1002 iſt

63 1008 90 1026 der
101 1008 182 1026 Berireter
193 1008 235 1025 einer
246 1007 343 1026 beſtimmien
353 1005 520 1026 GEutwickelungsſtufe
531 1005 593 1026 unſerer
604 1005 635 1026 jent

61 1030 76 1051 ſo
90 1030 127 1051 hoch
139 1029 240 1047 entwickelten
252 1028 338 1050 Jndnſtrie.

108 1051 156 1069 Denn
167 1055 207 1071 ganz
218 1050 234 1069 ſo
246 1049 309 1069 einfoch,
323 1050 353 1067 wie
364 1049 402 1067 noch
413 1049 465 1066 übam
476 1048 537 1067 Smith,
549 1048 576 1065 der
586 1048 635 1066 Bater

63 1199 118 1222 fteht,
128 1200 155 1217 als
177 1203 224 1216 wenn
245 1203 262 1216 er
283 1199 327 1219 felbit
345 1198 374 1216 auf
392 1198 416 1215 die
434 1197 480 1219 Jagd
498 1198 549 1222 ginge.
578 1197 635 1221 Zuletz

61 1264 79 1284 iſt
90 1266 133 1282 daun
144 1264 182 1283 nach
193 1264 245 1281 Udam
253 1263 310 1283 Smith
321 1263 348 1280 der
355 1263 461 1284 Handwerker
471 1261 492 1283 fir
503 1266 525 1279 und
526 1261 593 1283 fertig
603 1263 635 1279 und

61 1289 108 1304 wenn
129 1287 147 1303 eiz
169 1285 207 1304 nach
229 1285 255 1302 ber
278 1283 377 1305 angeblichen
395 1280 633 1305 Handwerkerfreundlichkeit⸗

60 1307 124 1325 unſerer
140 1306 341 1327 Mittelſtandapolitiker?
359 1307 414 1327 ginge,
432 1306 475 1322 wäre
491 1309 525 1322 nun
543 1305 634 1327 gleichzeitig

103 1414 145 1431 Uber
156 1413 210 1430 untere
216 1413 293 1430 Gewerbe
304 1412 360 1432 haben,
372 1411 402 1429 wie
410 1416 465 1429 nenere
472 1411 582 1432 Forlchungen
590 1411 634 1429 über⸗

60 1437 128 1456 geugend
146 1434 220 1455 darthun,
239 1434 280 1453 nicht
297 1438 328 1451 nur
345 1433 425 1452 emerleits
444 1434 489 1451 einen
508 1435 575 1451 anderen
594 1433 634 1451 Ent⸗

62 1456 199 1476 wickelungegang
215 1459 313 1476 genommen,
330 1454 398 1473 ſondern
414 1454 453 1476 find,
471 1455 501 1472 wie
517 1455 541 1472 die
552 1454 636 1475 Geſchichte

62 1478 89 1495 der
105 1478 157 1498 letzten
174 1477 268 1494 anderthalb
283 1476 403 1498 Zahrhunderte
421 1477 479 1498 gezeigt
490 1476 523 1496 hat,
540 1477 579 1495 auch
595 1476 636 1494 einer

61 1498 167 1520 Foribiidung
178 1499 216 1515 über
227 1499 251 1520 die
262 1498 311 1519 Form
322 1499 351 1516 des
362 1498 461 1518 Handmwerks
473 1498 532 1515 biuaués
543 1498 591 1519 fähiga.

104 1520 147 1538 Nach
159 1519 213 1537 dieien
230 1518 332 1540 Eraebnifſen
351 1519 497 1540 wiſſenſchaftlicher
512 1519 601 1540 Forſchung
618 1518 636 1538 iſt

60 1541 149 1562 Uberhaupt
159 1541 199 1559 nicht
216 1541 238 1558 im
249 1540 338 1562 Handwerk
354 1541 379 1558 die
390 1540 456 1559 Urform
472 1540 512 1558 allet
527 1540 635 1562 gewerblichen

60 1563 148 1583 Thatiakeit
159 1566 178 1582 zu
189 1562 246 1582 ſuchen,
258 1562 324 1583 fondern
335 1562 352 1579 in
364 1562 404 1580 dem.
416 1565 450 1579 was
458 1567 497 1579 man
505 1562 601 1583 neuerdingé
609 1563 635 1579 als

64 1712 113 1731 lichen
124 1709 237 1731 voliſtaͤudigen
248 1710 339 1728 Verbrauch
351 1710 375 1727 die
385 1709 464 1727 Schwelle
478 1709 506 1726 des
517 1692 580 1730 gaujes
596 1709 636 1726 nichi

65 1732 130 1752 verlich,
141 1731 217 1751 bewirkte,
228 1731 259 1751 dat
270 1731 297 1749 der
307 1731 379 1748 Urbeiter
390 1732 415 1748 ein
426 1735 467 1752 ganz
483 1732 549 1747 anderes
560 1730 637 1752 Jutereſſe

59 2136 126 2157 ſorben.
155 2135 186 2153 Sie
197 2139 266 2157 dermag,
276 2135 307 2152 wie
319 2139 332 2156 z.
344 2134 367 2153 B.
378 2134 396 2152 in
407 2133 490 2155 RKußland,
501 2134 529 2153 auf
540 2134 578 2155 dieſe
586 2133 634 2155 Weiſe

64 1776 99 1793 eine
109 1774 158 1792 Heine
168 1773 265 1794 Theilatbeit
276 1773 374 1791 taufendmal
385 1778 412 1790 am
420 1772 465 1794 Tage
476 1773 580 1790 wiederholen
591 1772 636 1794 kann.

65 1796 106 1815 ohne
116 1796 191 1813 vielleicht
202 1795 232 1813 das
248 1795 303 1815 fertige
314 1794 386 1814 Brodukt
402 1795 461 1812 einmal
477 1795 495 1812 in
511 1795 535 1811 die
545 1794 602 1815 Häünde
618 1798 636 1815 zu

61 1817 156 1835 bekommen.
184 1816 226 1834 Dies
241 1816 334 1836 periünliche
348 1816 450 1835 Berwachten
467 1815 497 1832 mit
513 1816 547 1833 dem
565 1816 636 1833 Arbeits⸗

60 1902 87 1920 der
98 1901 203 1921 ſeawedifchen
214 1879 317 1921 auofeaung
328 1900 422 1918 deobachten
432 1900 477 1917 kaun.

104 1923 130 1944 Jn
146 1923 193 1941 dieler
206 1922 261 1943 Form,
273 1922 299 1939 als
309 1921 403 1943 Haueflein
420 1921 456 1938 oder
467 1920 560 1942 Hauswerk,
571 1920 590 1939 iſt
606 1920 636 1938 das

62 1944 139 1963 Gewerbe
153 1944 190 1963 nach
207 1945 233 1961 der
244 1944 354 1963 Behauptung
366 1942 438 1960 Büchers
449 1942 496 1963 ſogar
512 1943 553 1959 älter
570 1943 597 1959 als
614 1942 636 1959 die

60 1965 204 1984 Landmirtbichait.
236 1964 310 1983 Bekannt
326 1963 351 1981 iſt
361 1964 383 1984 ia,
394 1963 425 1983 dah
442 1964 459 1981 in
469 1964 499 1981 den
511 1963 636 1984 Sklavenwitth—

61 2030 110 2050 ſeiner
124 2030 219 2050 AUnweiſung
235 2029 274 2046 über
290 2029 315 2046 die
332 2028 439 2049 Verwaltung
455 2028 483 2045 der
498 2028 588 2048 Landgüter
604 2028 636 2045 eine

61 839 159 859 gewerbliche
166 838 223 856 Berlin
235 838 346 854 unternenmen
358 834 416 855 wollte,
428 835 454 852 der
463 834 510 851 faͤnde
516 833 631 854 augenblicklich

62 859 168 879 BGelegenheit,
180 857 262 876 innerhatb
270 858 339 879 weniger
345 857 415 875 Soritte
421 856 451 873 alle
459 855 530 877 Formen
537 859 556 876 zu
562 854 628 874 ſtudiren

64 1072 92 1091 der
103 1073 186 1092 Halſiichen
198 1071 362 1091 Kationalökonomie,
379 1071 407 1092 ſich
424 1071 448 1088 die
462 1070 515 1089 Sache
531 1074 580 1092 gegen
592 1069 636 1087 Ende

64 1094 93 1111 des
106 1096 130 1111 18.
141 1094 262 1114 Jahrbunderis
274 1093 330 1112 dachte,
344 1093 382 1114 liegt
393 1092 413 1110 ſie
424 1092 460 1109 doch
472 1092 517 1109 nicht.
534 1091 575 1112 „Jn
587 1091 635 1108 einem

62 1115 120 1136 Zager⸗
132 1117 169 1133 oder
180 1114 300 1136 Hitenſtamme
316 1113 372 1136 fiudet
376 1113 404 1132 fich
415 1114 441 1131 ein
452 1113 522 1133 Menſch,
541 1113 568 1130 der
579 1112 635 1133 Bogen

60 1140 92 1154 und
109 1136 162 1156 Bfeile
178 1136 206 1153 mit
223 1136 296 1156 grözerer
313 1134 438 1154 Gelchicklichkeit
452 1134 537 1154 verkertigt,
559 1134 587 1151 als
606 1134 636 1151 alle

61 1158 127 1175 andern.
149 1157 174 1175 Er
184 1156 241 1176 tauicht
252 1157 272 1174 ſie
288 1160 335 1177 gegen
347 1156 389 1174 BHieh
402 1157 439 1173 oder
450 1155 528 1174 Wildpret
544 1155 568 1172 bei
585 1154 635 1175 ſeinen

61 1179 139 1199 Genoſſfen
150 1183 177 1196 um
195 1182 217 1195 und
218 1176 296 1199 ſinder
308 1176 396 1198 ſchließlich,
415 1176 446 1196 daß
464 1181 480 1194 er
494 1176 522 1197 ſich
533 1176 578 1193 dabei
589 1176 635 1195 deſer

64 1222 114 1239 macht
125 1226 142 1239 er
152 1221 177 1238 die
187 1220 293 1241 Anfertigung
304 1224 336 1237 von
348 1219 462 1241 Schietzgeraͤth
478 1223 497 1239 zu
515 1219 563 1238 ſeiner
573 1219 636 1241 Haupt⸗

60 1243 175 1263 beſchaͤftigung
187 1243 219 1259 und
230 1242 270 1259 wird
285 1241 305 1262 zu
316 1242 359 1259 einer
371 1241 401 1258 Art
412 1240 555 1262 Waffenichmied..
578 1240 634 1258 Damit

60 1328 94 1348 jede
110 1328 172 1346 weiiere
183 1327 299 1349 Entwickelung
311 1326 426 1348 abgeſchloſſen.
448 1326 538 1348 Hoächſtens,
557 1326 588 1346 dat
598 1330 635 1344 man

60 1347 92 1367 den
104 1349 208 1370 Handwerker
225 1349 263 1368 noch
279 1350 309 1366 mit
326 1350 353 1366 der
366 1348 470 1366 Einrichinng
486 1351 518 1365 von
529 1347 599 1368 Zünften
610 1348 634 1365 be⸗

60 1583 166 1605 „Haueftein?
174 1584 261 1604 bezeichnet.
280 1583 312 1601 Die
318 1583 386 1604 Familie
394 1583 412 1603 iſt
418 1583 452 1603 alſo
459 1584 486 1600 der
492 1583 571 1604 Kahmen.
583 1587 634 1599 inner⸗

60 1604 98 1624 balb
109 1605 157 1625 defien
169 1605 209 1622 alles
220 1605 255 1625 das,
267 1606 303 1622 was
314 1609 344 1622 wir
355 1605 401 1623 heute
412 1605 438 1621 als
447 1604 545 1625 gewerbliche
553 1603 633 1624 Brodukte

59 1627 152 1647 bezeichnen,
169 1626 276 1647 uriprunglich
293 1626 334 1647 nicht
351 1630 383 1643 nur
399 1625 493 1647 hergeſtellt,
512 1625 578 1643 tondern
596 1625 633 1643 auch

60 1649 151 1666 dberbraucht
172 1647 244 1664 wurde.
265 1646 302 1664 Und
325 1647 380 1666 gerade
402 1645 435 1662 der
451 1645 532 1665 Umſtand.
553 1645 585 1664 dat
606 1645 636 1662 dal

61 1668 152 1689 Erzenanig
163 1668 191 1686 auf
203 1668 259 1687 feinem
270 1671 330 1689 ganzen
342 1667 390 1687 Bege
401 1669 434 1684 von
444 1666 472 1684 der
482 1666 592 1687 Bearbeitung
608 1666 636 1683 des

62 1690 153 1710 Rohfoffes
164 1689 262 1710 angefangen
273 1687 309 1706 bis
314 1693 342 1708 zur
353 1688 456 1709 Vollendung
473 1689 507 1705 und
524 1692 559 1705 um
576 1687 636 1708 ſchließ⸗

63 1758 86 1772 an
96 1754 131 1771 dem
141 1752 232 1773 Erzeuanih
243 1753 293 1770 teiner
302 1752 360 1773 Häude
370 1752 424 1770 noabm.
436 1753 463 1769 als
475 1752 571 1773 bentzutage,
583 1756 609 1769 wo
620 1755 636 1769 er

59 1838 97 1856 Kück
113 1837 183 1855 bewirkte
200 1838 242 1854 dann
259 1838 297 1854 aber
314 1836 352 1855 auch
370 1837 400 1853 das
417 1836 499 1853 liebevolle
516 1836 601 1856 Verſenken
619 1838 635 1854 in

59 1857 103 1880 ſedes
114 1859 183 1880 einzelne
195 1858 244 1875 Etuck
258 1858 291 1875 und
309 1857 400 1875 entmitckelte
416 1858 454 1875 auch
471 1858 489 1875 in
505 1857 539 1874 dem
556 1858 633 1878 einzeinen

270 1884 323 1896 rmen,
340 1881 373 1896 und
384 1878 488 1898 Farbenfinn.
505 1878 535 1896 den
551 1883 589 1896 man
606 1878 633 1898 auf

61 1988 127 2008 jchaiten
141 1989 167 2004 der
181 1986 256 2004 Griechen
274 1986 306 2003 und
317 1985 379 2003 Ruömer
395 1985 423 2005 ſich
440 1985 497 2002 bereits
514 1986 597 2005 zahlreiche
613 1986 637 2002 in⸗

60 2008 137 2027 huſtrielle
148 2008 219 2026 Urbeiter
230 2007 305 2026 beſanden
323 2008 355 2024 und
371 2006 401 2027 daß
415 2007 452 2025 auch
466 2006 507 2024 Karl
518 2007 545 2023 der
555 2006 609 2027 Große
621 2011 636 2024 in

61 2056 111 2072 nanze
122 2051 171 2071 Reihe
182 2050 216 2068 von
220 2050 336 2072 Haudwerkern
348 2053 402 2069 nenmt,
414 2050 438 2066 die
448 2050 492 2071 jeder
497 2049 542 2070 Bogt
552 2050 569 2065 in
580 2049 635 2067 ſeinem

60 2072 124 2091 Dienſte
136 2073 186 2090 haben
197 2071 249 2092 müſfe.
277 2071 308 2089 Die
319 2071 402 2092 Jnduſtrie
416 2071 433 2087 in
444 2071 471 2086 der
481 2070 530 2090 Fotm
542 2070 570 2087 des
580 2070 635 2091 Haus⸗

60 2094 116 2114 fleihes
127 2094 150 2112 iſt,
158 2094 188 2110 wie
199 2094 229 2110 das
236 2093 306 2114 Beilpiel
314 2092 416 2112 Schwedens,
426 2091 518 2112 Kutlands,
526 2091 636 2112 verichiedener

60 2114 180 2133 Balkanläͤuder
196 2119 212 2132 u.
225 2114 236 2134 J.
251 2118 271 2131 w.
289 2114 353 2134 beweiſt.
371 2113 408 2131 noch
425 2113 503 2130 dutchans
521 2113 561 2130 nickt
577 2114 635 2134 ancge⸗

72 1372 121 1388 fücken
138 1372 171 1388 und
187 1371 219 1388 inm
236 1371 260 1387 die
270 1370 312 1391 Zabl
329 1371 356 1388 der
373 1374 392 1391 zu
410 1352 492 1391 hauenzen
504 1369 586 1390 Lehrlinge
602 1369 634 1386 und

60 1376 133 1413 Beſellen
144 1392 248 1411 vorſchreiben
259 1391 319 1409 koͤnnte.

664 782 688 799 die
702 782 752 802 Form
768 781 797 798 des
813 779 910 798 baͤnerlichen
921 779 1049 800 Kleingewerbes
1065 778 1181 800 anzunehmen,
1197 778 1236 796 kann

664 804 702 821 aber
713 804 751 821 auch
762 804 819 820 andere
830 801 906 820 Entwicke
907 801 1000 821 lungewege
1010 801 1108 821 einichlagen.

665 828 685 841 9
708 824 722 843 An
723 824 817 844 lehterem
825 823 870 844 Falle
880 823 951 840 kommen
962 823 992 839 wir
1002 826 1022 843 zu
1033 823 1060 839 der
1067 821 1237 842 Eutwickelungéſtuke.

665 846 689 864 die
705 839 786 866 Brofeſſor
803 845 864 863 Bucher
880 845 908 862 als
918 843 1024 865 Lohnwerk
1036 844 1117 865 bezeichnet
1127 844 1160 860 und
1171 843 1195 860 die
1206 844 1237 860 aus

664 867 760 888 Roſegger'z
777 867 857 887 Schrijten
873 865 937 885 ſattſam
953 865 1018 883 bekannt
1034 865 1057 886 iit,
1072 866 1098 882 der
1108 865 1203 885 anſchaulich
1214 869 1237 882 er⸗

664 890 711 910 zuͤhlt,
729 889 757 906 wie
773 893 790 906 er
807 889 833 905 als
850 887 1002 907 Schneiderlehrbub
1016 887 1045 904 mit
1056 887 1111 906 ſeinem
1121 886 1187 904 Meiſter
1199 886 1237 906 „aul

665 912 689 928 die
705 911 760 928 Stoͤr
777 914 857 931 gegangen
874 909 897 929 iſt,
914 909 929 926 d.
941 908 955 929 h.
967 908 995 925 Die
1011 908 1040 928 ſich
1057 909 1098 926 beide
1115 909 1132 926 in
1149 908 1179 925 das
1190 907 1237 928 Haué

664 933 706 950 jhrer
714 932 781 950 Kunden
791 932 859 950 begaben
867 931 900 948 und
908 930 945 947 dort
952 930 1027 949 wührend
1035 930 1062 947 der
1070 930 1125 948 Dauer
1134 930 1176 950 ihrer
1184 929 1238 946 Arbeit

664 953 751 974 Wohnung
762 953 795 970 und
806 952 844 971 Koſt
853 952 932 973 erhielten,
944 955 971 968 um
982 951 1019 972 nach
1031 951 1134 972 Beendigung
1147 952 1173 968 der
1184 950 1238 968 Arbeit

664 980 683 996 zu
695 979 745 992 einem
756 975 815 991 andern
823 974 891 992 Kunden
901 977 921 994 zu
931 973 1011 990 wandern.
1027 972 1058 990 Die
1065 972 1207 994 Hausſchneiderei,
1214 972 1238 989 die

666 998 683 1018 ja
690 998 728 1014 auch
737 997 781 1016 heute
788 996 827 1016 noch
834 996 851 1013 in
858 995 909 1012 vielen
916 994 996 1016 Familien
1003 995 1031 1011 des
1038 994 1157 1014 Mittelſtaudes
1165 997 1197 1011 von
1204 993 1238 1014 Zeit

666 1023 685 1038 zu
698 1018 734 1038 Zeit
745 1017 821 1037 erſcheint,
834 1017 873 1034 kann
885 1016 963 1036 ebenfalls
971 1016 997 1033 als
1005 1015 1101 1034 Vertreterin
1113 1016 1159 1036 dieſer
1170 1016 1237 1036 gewerb⸗

664 1040 714 1057 lichen
726 1038 815 1059 Tnaͤtigkeit
826 1038 914 1058 erſcheinen.
931 1037 1040 1055 insbelondere
1056 1042 1102 1054 wenn
1113 1037 1133 1058 ſie
1145 1037 1236 1058 gleichzeitig

664 1061 687 1079 im
698 1061 751 1081 Haule
762 1060 865 1080 üvernachtet,
881 1060 925 1081 was
934 1058 951 1080 ja
970 1059 998 1078 auf
1015 1059 1049 1076 dem
1060 1060 1111 1077 Lande
1122 1060 1160 1079 noch
1172 1058 1236 1078 vielfach

666 1083 760 1099 vorkommt.
790 1081 831 1099 Eine
847 1081 899 1101 zweite
916 1080 965 1101 Form
982 1080 1010 1097 des
1021 1080 1065 1101 Lohn
1069 1080 1116 1098 werks
1133 1080 1151 1101 ift
1167 1080 1196 1099 die,
1213 1080 1237 1097 bei

668 1104 733 1122 weicher
750 1104 779 1120 das
791 1101 894 1121 Rohprodukt
910 1106 938 1122 zur
954 1101 1071 1122 Verarbeiinng
1087 1103 1104 1119 in
1120 1101 1144 1118 die
1156 1101 1237 1119 Betrirbé⸗

667 1125 713 1144 ſtaͤtte
723 1125 752 1142 des
764 1124 874 1142 Lohnwerkers
886 1123 957 1144 gebracht
968 1123 1013 1143 wird,
1024 1128 1037 1144 3.
1045 1123 1066 1141 B.
1077 1123 1108 1140 das
1118 1123 1192 1141 Getreide
1202 1126 1237 1142 zum

663 1146 732 1165 Müller,
749 1146 776 1163 der
786 1146 850 1164 Kuchen
866 1146 893 1162 der
904 1144 989 1165 Hauefraun
1005 1149 1041 1165 zum
1055 1144 1116 1162 Bäcker.
1144 1144 1159 1165 Jm
1160 1144 1237 1163 eriten

665 1211 723 1228 kommt
734 1211 760 1227 der
771 1210 819 1230 Beſitz
831 1213 862 1227 von
870 1209 1011 1229 Urbeitsgeräthen
1023 1210 1067 1229 dazu,
1078 1209 1187 1228 insbeſondere
1198 1209 1237 1228 nicht

665 1232 791 1250 tranktvortabler
801 1235 831 1248 wie
841 1231 917 1250 Mühlen,
928 1230 1011 1250 Backöfen,
1022 1230 1111 1250 Fenereſfen
1122 1235 1139 1247 u.
1151 1230 1162 1248 .
1174 1234 1194 1247 w.

665 1301 685 1317 zu
696 1296 813 1313 veroarbeitende
824 1295 903 1313 Material
914 1294 969 1313 liefeit.
991 1294 1029 1312 Das
1043 1295 1070 1312 hat
1081 1294 1173 1315 mancherlei
1184 1294 1236 1311 Unde⸗

665 1317 789 1337 quemlichkeiten
801 1317 828 1335 für
838 1317 867 1334 den
879 1316 956 1337 Urbeiter.,
970 1316 1062 1334 mancherlei
1074 1316 1154 1335 Gefahren
1172 1315 1198 1334 für
1209 1317 1237 1333 den

666 1339 743 1358 Beſteller
759 1343 786 1358 zur
803 1337 971 1358 Begleitericheinung.
998 1337 1030 1355 Die
1047 1338 1107 1355 weitere
1121 1337 1237 1357 Entwickelung

665 1446 693 1464 auf
711 1446 734 1463 die
746 1445 848 1464 Befeitiaung
860 1445 886 1462 der
897 1444 970 1463 früberen
981 1444 1119 1464 Betriebfyſteme
1130 1444 1237 1464 hinzuwirken,

665 1551 830 1573 bandwerksmaßigen
847 1551 966 1571 Betriebweiſe
982 1551 1000 1570 ift
1016 1551 1040 1568 die
1056 1551 1155 1571 Broduktion
1172 1551 1200 1570 fir
1212 1551 1237 1567 be⸗

664 1615 739 1633 Dadurch
751 1618 805 1632 wurde
815 1616 858 1632 dann
869 1614 961 1638 gleichzeuig
977 1618 1002 1631 ein
1015 1614 1072 1632 kieiner
1086 1614 1157 1635 Umlang
1167 1614 1194 1630 der
1204 1617 1237 1630 ein⸗

663 1637 718 1657 gelnen
729 1636 831 1655 Werknatten
842 1636 908 1656 bedingt.

709 1661 742 1679 Alg
759 1662 796 1679 aber
813 1661 836 1678 die
847 1660 992 1681 Volkewirthichaft
1007 1662 1040 1678 aus
1056 1660 1090 1678 dem
1103 1664 1153 1681 engen
1165 1659 1238 1678 Kabmen

668 1683 696 1701 der
707 1682 765 1700 Etadt
775 1684 808 1700 und
819 1682 1007 1701 Territorialwirthichaft
1018 1683 1034 1699 in
1046 1682 1080 1699 eine
1091 1682 1172 1699 nationale
1180 1682 1238 1699 Bolke⸗

665 1704 760 1724 wirthichaft
770 1704 853 1724 überging,
865 1703 931 1721 bildeten
943 1703 970 1723 ſich
982 1708 1021 1721 neue
1028 1703 1168 1724 Betriebshſteme
1174 1703 1237 1724 heraus,

664 1726 689 1743 die
699 1726 746 1743 durch
757 1726 781 1743 die
791 1725 910 1746 Erleichterung
921 1725 950 1742 des
961 1724 1039 1743 Verkebrs
1050 1725 1084 1742 eine
1094 1726 1169 1746 mächtige
1178 1724 1235 1744 Förde⸗

709 1794 740 1812 Sie
751 1794 863 1813 untericheiden
873 1793 902 1813 ſich
913 1793 956 1811 beide
965 1794 982 1811 in
993 1794 1044 1811 einem
1055 1793 1160 1812 welentlichen
1170 1792 1237 1813 Vunkte.

666 1816 705 1834 Das
713 1815 838 1836 Verlagsſyſtem
850 1815 883 1835 lät
894 1815 918 1832 die
929 1815 1018 1835 binherigen
1029 1814 1148 1832 Arbeitéſtäfnen
1160 1815 1238 1835 ungenört

666 1836 787 1856 weiterheſtehen
799 1837 832 1853 und
843 1836 911 1856 beanigt
923 1836 949 1855 ſich
961 1837 1016 1855 damit,
1028 1836 1045 1852 in
1053 1835 1184 1856 kaufmänniſcher
1189 1836 1238 1855 Weiſe

664 1858 694 1875 den
705 1858 758 1878 Abſah
773 1862 793 1878 zu
810 1857 910 1878 organiſtten,
926 1857 951 1874 die
963 1856 1032 1878 kertigen
1043 1856 1122 1877 Produkte
1139 1861 1160 1874 an
1172 1857 1199 1876 ſich
1217 1861 1236 1877 zu

664 1880 716 1899 ziehen
733 1880 766 1896 und
777 1883 821 1895 einen
833 1878 908 1899 größeren
918 1877 975 1895 Markt
990 1877 1041 1895 damit
1051 1882 1071 1898 zu
1082 1878 1170 1898 verforgen,
1187 1878 1236 1895 deſien

665 1899 816 1920 Ubiakverbältniſje
827 1900 854 1916 der
865 1900 963 1919 gewerbliche
972 1899 1044 1916 Urbetter
1055 1899 1095 1916 nicht
1106 1900 1150 1918 mehr
1160 1903 1180 1920 zu
1190 1900 1235 1916 über⸗

665 1921 710 1941 ſehen
727 1924 797 1941 nermag.
824 1920 897 1939 Dadurch
912 1920 966 1941 geruͤth
977 1925 998 1940 er,
1015 1920 1053 1937 auch
1065 1924 1111 1937 wenn
1122 1925 1139 1937 er
1150 1921 1177 1937 der
1188 1920 1236 1941 Form

665 1943 704 1960 nach
720 1941 824 1962 ſelbſiſtaͤndig
835 1941 858 1962 iſt,
875 1943 891 1959 in
903 1942 958 1958 immer
972 1941 1024 1958 tiefere
1035 1941 1148 1962 Ubhaäͤngigkeit
1160 1945 1192 1959 von
1203 1943 1237 1959 dem

665 1963 746 1983 Verleger,
763 1965 790 1981 der
805 1964 863 1983 zudem,
881 1967 926 1980 wenn
943 1963 971 1982 ſich
988 1963 1012 1980 die
1028 1963 1077 1980 erſten
1093 1963 1179 1983 Unzeichen
1195 1963 1237 1980 einer

665 1984 786 2005 Abſatzftockung
797 1989 855 2005 zeigen,
871 1984 895 2001 die
905 1983 947 2004 Zahl
960 1984 1008 2004 ſeiner
1019 1984 1091 2001 Arbeiter
1104 1989 1144 2005 ganz
1156 1984 1193 2002 nach
1205 1984 1237 2002 Be⸗

664 2005 715 2024 lieben
732 2005 830 2025 beſchränken
846 2005 891 2024 kann,
909 2005 949 2025 ohne
960 2006 1014 2025 irgend
1025 2006 1070 2022 einen
1081 2005 1162 2023 Kachtheil
1173 2010 1193 2025 zu
1203 2010 1234 2022 em⸗

664 2027 733 2047 pfinden.
756 2027 792 2044 Aus
804 2027 852 2046 dieſen
864 2026 941 2044 Gruͤnden
958 2027 976 2046 iſt
987 2027 1017 2044 das
1029 2026 1154 2047 Verlagsiyitem
1166 2030 1202 2043 oder
1213 2027 1236 2044 die

664 2048 787 2069 Hausinduſtrie
809 2049 825 2065 in
845 2053 909 2065 neuerer
926 2047 960 2069 Zeit
979 2048 1008 2064 mit
1024 2047 1072 2069 Recht
1082 2047 1122 2065 viel
1140 2047 1235 2069 angegriffen

664 2071 727 2087 worden
740 2071 772 2087 und
783 2069 822 2089 ſtark
832 2070 849 2087 in
860 2069 920 2089 Verruf
932 2069 1023 2090 gekommen.

708 2091 746 2109 Den
758 2092 808 2111 letzten
820 2091 881 2111 Schtitt
892 2092 909 2108 in
920 2090 946 2108 der
953 2090 1077 2111 Konzentration
1084 2090 1112 2108 des
1119 2090 1235 2111 Brodnktions⸗

664 1167 715 1188 Falle,
734 1167 748 1184 d.
760 1167 775 1187 h.
792 1167 816 1184 bei
833 1168 859 1184 der
873 1165 920 1186 Stört,
937 1166 955 1185 iſnn
972 1167 999 1182 der
1012 1166 1112 1185 Lohnwerker
1128 1165 1199 1187 lediglich
1216 1165 1237 1182 im

665 1188 722 1209 Beſitze
734 1193 776 1206 einer
786 1189 870 1206 beiondern
880 1187 1069 1209 Arbeitageſchicklichkeit,
1083 1188 1105 1205 im
1116 1188 1181 1208 zweiten
1191 1186 1236 1208 Falle

708 1253 745 1271 Den
756 1253 810 1271 beiden
822 1253 912 1271 erwaͤhnten
923 1251 981 1272 Fällen
995 1252 1023 1268 des
1034 1251 1129 1271 Lohnwerkés
1145 1251 1164 1272 iſt
1180 1253 1198 1268 es
1213 1255 1238 1272 ge⸗

664 1275 746 1294 meinfam,
757 1274 788 1294 daß
800 1275 817 1291 in
828 1274 875 1291 ibnen
885 1274 913 1290 der
923 1273 1038 1294 Uuftraggeber
1052 1273 1144 1294 gleichzeitig
1159 1274 1197 1290 auch
1208 1273 1237 1290 das

665 1361 704 1381 aing
715 1361 771 1377 darum
783 1360 800 1377 in
811 1360 837 1377 der
848 1359 897 1378 Weile
908 1362 938 1376 dvor
949 1358 981 1378 ſich,
996 1358 1027 1378 daß
1038 1358 1065 1376 der
1075 1359 1147 1376 Arbeiter
1158 1359 1196 1379 auch
1207 1358 1236 1375 das

664 1381 745 1399 Material
762 1381 838 1404 belorgie,
859 1381 889 1398 das
909 1384 926 1397 er
943 1380 1047 1397 verarbenete.
1074 1380 1102 1398 So
1118 1379 1188 1399 entitand
1211 1381 1237 1397 als

665 1404 690 1420 die
706 1403 752 1420 dritte
768 1401 819 1421 Stufe
835 1402 861 1419 der
877 1401 986 1422 gewerblichen
1000 1401 1117 1422 Entwickelung
1133 1402 1164 1418 das
1181 1401 1238 1422 eigent⸗

664 1425 702 1442 liche
713 1424 807 1444 Handwerk.
829 1423 864 1441 Mit
875 1422 930 1443 ſeinem
943 1423 1023 1443 Etſtarken
1034 1423 1097 1443 begann
1108 1425 1134 1443 es,
1145 1422 1237 1444 planmätzig

665 1468 698 1485 und
710 1471 725 1484 wo
726 1467 771 1484 die
781 1466 869 1487 ſtaͤdtiſchen
880 1466 965 1484 Bebörden
981 1465 1046 1486 ſchwach
1063 1470 1115 1487 genug
1129 1466 1168 1486 dazu
1180 1469 1238 1486 waren.

664 1489 703 1506 hielt
720 1492 758 1506 man
775 1488 865 1509 regelrechte
881 1487 1024 1509 Bönbaſenjagden
1041 1487 1067 1508 ab,
1084 1487 1099 1504 8.
1111 1487 1126 1507 h.
1137 1491 1175 1504 man
1186 1487 1238 1507 ſpuürte

664 1510 689 1527 die
700 1509 760 1527 Störer
770 1509 787 1527 in
793 1508 828 1527 den
838 1509 911 1529 Häuſern
921 1509 962 1528 ihrer
973 1509 1041 1526 Kunden
1052 1508 1080 1526 auf
1093 1509 1126 1525 und
1140 1513 1169 1529 zog
1180 1508 1200 1527 ſie
1210 1512 1238 1529 zur

664 1531 808 1551 Veramwortung.
838 1529 870 1549 Die
890 1530 1020 1551 charakteriſtiiche
1038 1529 1192 1549 Gtgenthümlichkeit
1210 1530 1237 1547 der

665 1574 732 1593 ſnimmte
743 1574 816 1593 Kunden,
833 1573 858 1590 die
874 1573 950 1589 entweder
966 1572 998 1589 ihre
1015 1572 1093 1593 Aukträge
1106 1572 1153 1588 direkt
1163 1572 1236 1592 ertheilen

665 1595 703 1611 oder
713 1595 737 1611 die
748 1595 775 1611 der
779 1593 884 1614 Handwerker
895 1593 990 1614 regelmäßig
998 1593 1026 1610 aur
1036 1593 1065 1609 den
1072 1592 1185 1614 Zabrmärkien
1193 1592 1237 1613 irifit.

664 1751 706 1767 rung
717 1747 796 1765 eriubren.
818 1746 856 1764 Das
872 1745 909 1764 eine
916 1746 935 1765 iſt
946 1747 976 1763 das
987 1746 1058 1767 Berlags
1059 1746 1112 1767 ſtem
1124 1745 1161 1763 oder
1177 1746 1202 1764 die
1212 1745 1235 1767 fo—

667 1772 746 1790 genanme
756 1767 884 1790 Hausindbutrie,
894 1768 925 1785 das
936 1768 992 1785 andere
1003 1768 1030 1785 der
1040 1767 1160 1789 Fabritbetrieb.

664 2113 742 2133 prozeſſes
754 2113 789 2130 thut
800 2113 817 2130 in
828 2112 907 2133 bewutzter
918 2113 950 2129 und
958 2112 1071 2133 entchloſffener
1078 2112 1127 2130 Beiſe
1135 2114 1164 2129 das
1172 2112 1235 2133 Fadrik⸗

663 2133 724 2155 ſyſtem.
752 2134 791 2155 Hier
807 2134 847 2151 wird
863 2135 890 2151 der
906 2138 954 2155 ganze
971 2133 1136 2154 Produktionèptozez
1153 2134 1170 2151 in
1186 2138 1235 2151 einem

1266 777 1334 797 einzigen
1345 776 1409 794 Raume
1425 776 1506 797 vereinigt,
1523 775 1556 793 bier
1572 774 1636 795 ſchaffen
1654 774 1685 791 alle
1701 774 1722 790 im
1734 773 1796 791 Dienſte
1807 774 1834 790 den

1266 799 1372 819 Fabrikauten
1389 798 1469 819 ſtehenden
1480 797 1552 814 Urbeiter
1568 797 1605 814 nach
1622 796 1673 814 ſeinen
1684 795 1802 815 Anordnungen
1818 794 1835 811 in

1266 821 1295 838 den
1306 823 1339 838 von
1349 820 1382 838 ihm
1392 820 1432 838 dazu
1449 819 1545 837 beſtimmten
1556 817 1636 837 Räumen,
1654 818 1685 835 hier
1704 817 1799 833 verarbetten
1816 815 1835 835 ſie

1266 842 1296 859 den
1307 845 1339 859 von
1349 841 1381 858 ihm
1393 840 1481 861 beichafften
1493 839 1565 860 Rohftoff
1576 841 1605 856 mit
1616 840 1645 856 den
1657 839 1673 855 in
1684 838 1739 855 ſeinem
1748 837 1803 858 Beſitze
1811 838 1835 854 be⸗

1267 863 1348 884 findlichen
1355 862 1456 883 Maſchinen;
1462 862 1506 884 kurz,
1518 863 1535 879 es
1544 861 1608 878 berrſcat
1616 862 1639 877 die
1647 859 1700 881 groͤtte
1706 860 1833 880 Konzentration.

1267 884 1291 902 die
1302 889 1340 902 man
1350 884 1378 904 ſich
1393 884 1448 901 denken
1460 882 1505 900 kann.
1532 883 1563 900 Die
1574 882 1647 902 Vorzüge
1664 881 1710 900 dieſer
1720 880 1835 900 Broduktions⸗

1268 906 1311 923 meiſe
1323 906 1340 923 in
1351 906 1392 923 allen
1404 905 1433 922 den
1445 904 1506 925 Fällen,
1518 904 1534 921 in
1546 905 1593 920 denen
1605 904 1624 922 ſie
1635 903 1723 922 überbaupt
1734 902 1835 919 vermendbar

1268 928 1290 946 iſt,
1302 927 1334 946 find
1345 931 1364 946 zu
1375 927 1445 946 bekannt,
1463 927 1489 944 als
1500 925 1531 946 daß
1544 929 1573 943 wit
1584 925 1649 942 darüber
1660 925 1697 945 noch
1708 924 1733 941 ein
1744 923 1790 941 Wort
1801 927 1835 940 der⸗

1267 949 1315 966 feren
1326 949 1392 966 dürrften.

1310 970 1342 988 Man
1344 970 1385 988 bat
1386 969 1431 988 ſich
1442 968 1466 986 die
1480 968 1513 986 bier
1528 968 1545 985 in
1556 968 1610 988 kurzen
1621 967 1675 988 Zugen
1692 966 1784 988 geſchilderte
1794 965 1835 984 Eut⸗

1267 992 1349 1011 wickelung
1361 996 1395 1008 nun
1406 990 1549 1011 felbſtverflaͤudlich
1565 991 1604 1006 nicht
1615 989 1631 1009 jo
1642 993 1661 1010 zu
1672 989 1732 1008 denken,
1749 988 1779 1008 dah
1791 988 1835 1007 durch

1267 1014 1298 1030 das
1309 1013 1391 1030 Auftreten
1402 1013 1445 1030 einer
1456 1016 1507 1029 neuen
1518 1011 1592 1029 Berriebs
1595 1010 1637 1027 weife
1648 1010 1695 1029 ſofort
1707 1010 1730 1026 die
1741 1009 1789 1026 ältere
1800 1013 1835 1029 zum

1268 1035 1385 1053 Verichwinden
1396 1034 1467 1054 gebracht
1478 1034 1536 1050 würde.
1553 1032 1590 1050 Das
1602 1032 1673 1053 geichieht
1679 1031 1731 1050 ebenſo
1739 1031 1795 1050 wenig,
1807 1030 1835 1047 wie

1267 1059 1308 1073 eiwa
1319 1056 1364 1075 durch
1376 1056 1399 1072 die
1410 1055 1500 1075 Erfiudung
1512 1056 1539 1071 der
1549 1052 1641 1072 elektriſchen
1653 1053 1721 1071 Babnen
1733 1054 1756 1069 die
1767 1051 1835 1070 Damvi⸗

1267 1078 1334 1097 hahnen,
1352 1077 1398 1095 durch
1415 1077 1453 1095 dieſe
1470 1077 1493 1093 die
1504 1075 1562 1095 Voſten
1579 1077 1611 1092 und
1628 1074 1718 1093 Laſtwagen
1734 1077 1752 1090 .
1769 1073 1835 1093 beieitigt

1269 1100 1331 1116 worden
1343 1098 1380 1116 ſind.
1403 1098 1445 1115 Aber
1456 1097 1516 1118 gewiſſe
1527 1097 1660 1116 Veruͤnderungen
1677 1095 1710 1114 ſind
1721 1095 1796 1112 natürlich
1808 1094 1835 1111 mil

1268 1121 1302 1138 dem
1313 1120 1395 1138 Auftreien
1406 1121 1449 1136 eines
1462 1124 1512 1136 neuen
1523 1118 1661 1138 Betrieboiyſteins
1672 1117 1689 1134 in
1700 1118 1729 1134 den
1740 1117 1793 1136 biëhet
1800 1119 1835 1133 vor⸗

1267 1142 1348 1162 handenen
1359 1141 1481 1160 unvermeidlich.

1309 1163 1341 1181 Die
1351 1162 1408 1183 Frage,
1419 1162 1444 1180 die
1455 1161 1512 1182 hierbei
1522 1164 1552 1178 vor
1561 1161 1608 1178 allem
1615 1160 1700 1178 intereiſirt,
1712 1159 1729 1176 iſt
1740 1159 1769 1179 die,
1780 1158 1834 1176 welche

1267 1184 1345 1204 Stellung
1362 1185 1392 1201 das
1403 1183 1492 1204 Handwerk
1508 1185 1554 1200 unter
1565 1184 1594 1199 den
1611 1183 1711 1199 veraͤnderten
1722 1180 1836 1200 Berhaltumen

1267 1207 1385 1227 eingenommen
1402 1206 1434 1224 bhat.
1456 1204 1521 1222 Darauf
1538 1204 1595 1221 wollen
1611 1207 1640 1221 wir
1656 1202 1740 1223 demnuͤchit
1754 1203 1772 1219 in
1787 1202 1836 1219 einem

1267 1230 1330 1249 zweuen
1340 1227 1399 1245 Artikel
1410 1227 1445 1247 kurz
1456 1225 1542 1247 hinwenen

1310 1272 1347 1291 Die
1358 1271 1550 1293 Kabinetèregierung
1561 1269 1660 1288 entwickleælt
1670 1269 1708 1291 fich.
1726 1268 1760 1286 Der
1771 1268 1836 1288 Kaifer

1267 1294 1294 1314 hat
1305 1297 1323 1312 es
1334 1295 1443 1314 abgelehnt,
1460 1295 1488 1311 den
1500 1292 1701 1313 Obetbürgermeiner
1711 1290 1809 1310 Kirichuer
1819 1290 1836 1306 in

1267 1320 1309 1333 einer
1319 1319 1352 1333 von
1363 1315 1416 1335 dieſem
1429 1314 1545 1335 nachgeiuchten
1557 1314 1627 1334 Audienz
1638 1317 1657 1334 zu
1668 1312 1786 1332 empiangen.
1803 1310 1837 1328 Der

1278 1337 1326 1357 Freif.
1337 1337 1389 1357 Zug.“,
1400 1337 1423 1353 die
1435 1337 1465 1353 das
1477 1336 1554 1354 mittheilt.
1566 1334 1584 1355 iſt
1596 1335 1637 1352 nicht
1644 1333 1714 1353 bekannt.
1725 1334 1757 1349 aus
1768 1332 1837 1349 welcaem

1268 1350 1335 1377 Grunde
1342 1357 1509 1378 Obetburgermeiſter
1520 1356 1600 1374 Kicſchner
1611 1356 1644 1372 eine
1655 1355 1702 1374 ſolche
1713 1354 1783 1374 Audienz
1794 1352 1838 1372 nach⸗

1267 1380 1326 1401 gefucht
1337 1380 1370 1400 hat.
1392 1379 1417 1397 Es
1429 1379 1475 1399 heitzt,
1489 1378 1519 1398 daß
1530 1379 1560 1395 das
1573 1377 1630 1396 Geſuch
1642 1381 1669 1394 um
1680 1376 1714 1393 eine
1725 1376 1794 1395 Audieuz
1805 1378 1838 1391 ver⸗

1267 1401 1323 1420 anatzt
1339 1401 1393 1418 wurde
1408 1401 1455 1418 durg
1471 1400 1496 1417 die
1512 1399 1626 1419 Ablebnung
1643 1399 1675 1414 der
1691 1396 1837 1425 Ueberfubruas

1267 1423 1299 1440 der
1306 1422 1414 1440 ſtadtiſchen
1421 1421 1539 1440 eiektriſchen
1547 1420 1629 1438 Bahnen
1641 1419 1685 1436 über
1696 1419 1724 1435 die
1733 1417 1837 1438 „Lindene.

1267 1444 1305 1462 Von
1313 1444 1342 1461 den
1353 1443 1452 1463 zuſtaͤndigen
1460 1442 1635 1462 Reſfortbekörden
1647 1440 1675 1457 foll
1687 1440 1710 1457 die
1718 1439 1837 1459 Genebmianng

1268 1509 1332 1526 worden
1342 1508 1379 1528 jein.
1400 1507 1431 1528 Jm
1442 1507 1511 1525 Kabinet
1522 1507 1559 1524 aber
1570 1506 1588 1527 in
1599 1506 1622 1523 die
1634 1503 1722 1524 Eclaubuiß
1734 1503 1837 1524 abgetehnt

1267 1531 1334 1546 worden.

1310 1550 1411 1568 Bekanntlich
1422 1550 1450 1568 hat
1461 1549 1485 1566 die
1495 1548 1546 1566 Stabt
1557 1547 1614 1566 Berlin
1625 1546 1676 1568 iſingſt
1687 1546 1711 1563 die
1723 1545 1800 1563 Siemene
1800 1544 1835 1563 iche

1267 1571 1349 1590 elektriſche
1360 1571 1409 1590 Bahn
1421 1570 1510 1590 anarkauft.
1532 1569 1578 1588 Dieje
1594 1567 1662 1587 umtalt
1673 1568 1707 1584 eiue
1718 1567 1782 1584 füdliche
1793 1566 1836 1584 Linie

1266 1592 1380 1611 Behbrenſtrraße
1381 1601 1401 1605 -
1402 1591 1478 1611 Treptom
1489 1591 1522 1608 und
1533 1594 1567 1607 eine
1575 1589 1653 1608 nördliche
1660 1588 1704 1607 Liute
1710 1587 1815 1607 Mutelitrate
1817 1596 1836 1600 -

1266 1613 1344 1632 Vankom.
1365 1613 1400 1630 Der
1410 1612 1498 1630 Maaiſtrat
1509 1611 1619 1631 beabſichtigte,
1633 1610 1671 1629 dieſe
1687 1610 1739 1627 beiden
1751 1609 1837 1628 ſnaͤdtiſchen

1268 1634 1404 1652 Straßenbahnen
1415 1634 1437 1650 im
1444 1633 1510 1650 Norden
1521 1635 1553 1650 und
1560 1632 1619 1650 Süden
1629 1636 1649 1652 zu
1660 1632 1773 1649 verbinden,
1784 1630 1837 1650 ebeufe

1267 1658 1299 1672 wie
1309 1656 1333 1672 die
1344 1655 1398 1674 Große
1409 1654 1525 1674 Siraßenbahn
1543 1655 1569 1670 der
1581 1653 1731 1674 Brivatgeſcllichait
1745 1657 1778 1669 eine
1791 1652 1839 1671 ſolche

1267 1676 1370 1696 Verbindung
1382 1676 1425 1695 ſchon
1437 1676 1484 1696 befizt
1500 1680 1527 1692 am
1537 1674 1638 1695 Operuplat.
1666 1674 1698 1692 Die
1715 1673 1836 1694 Genehmigung

1267 1702 1295 1718 zur
1306 1697 1426 1718 Ueberfübrung
1438 1697 1464 1714 der
1470 1696 1590 1716 Sirahenbahn
1602 1697 1640 1713 üver
1651 1696 1675 1712 die
1686 1695 1744 1713 Linden
1755 1695 1784 1713 ſoll
1792 1694 1835 1714 fchon

1267 1722 1302 1736 vor
1313 1721 1360 1736 etwa
1371 1722 1413 1736 vier
1424 1718 1502 1737 Vochen
1513 1718 1534 1735 im
1545 1718 1630 1735 Kabinet
1641 1717 1723 1737 abgelehnt
1731 1718 1794 1733 worden
1800 1716 1836 1733 iei.

1267 1465 1314 1484 diejer
1325 1465 1452 1484 Ueberführung,
1469 1464 1493 1481 die
1509 1463 1546 1483 nach
1563 1465 1592 1480 den
1608 1462 1699 1484 geſehlichen
1710 1461 1838 1481 Benummungen

1267 1487 1294 1506 fuͤr
1305 1486 1362 1504 Berlin
1373 1486 1430 1506 feitens
1441 1487 1469 1502 des
1480 1485 1544 1505 Kaiſers
1557 1482 1654 1504 erforderlich
1671 1482 1692 1501 iſt,
1710 1482 1837 1500 berürwortet

1310 1740 1379 1758 Barum
1390 1740 1417 1758 han
1428 1740 1470 1759 Herr
1477 1739 1558 1758 Kirlchner
1569 1739 1595 1755 der
1601 1737 1837 1755 Stadtverordnetenveriamm⸗

1267 1761 1307 1782 lung
1318 1762 1371 1779 davon
1382 1762 1420 1780 noch
1431 1759 1472 1778 keine
1483 1760 1589 1782 Mutheilung
1601 1758 1681 1780 gemacht!
1702 1758 1738 1776 Und
1755 1759 1775 1775 wie
1776 1758 1837 1778 ſtellt

1267 1783 1296 1804 ſich
1306 1782 1348 1804 Herr
1358 1786 1374 1800 v.
1385 1782 1451 1803 Thielen
1461 1786 1481 1803 zu
1492 1781 1539 1800 dieſer
1546 1780 1650 1802 Kaliſtellung
1662 1781 1707 1800 durch
1719 1781 1748 1797 das
1757 1778 1836 1798 Kabiuet!

454 2183 536 2200 Rachhruck
544 2184 618 2200 verhoten

273 2207 422 2244 Opfev.

48 3104 180 3124 Michorltietert.

211 2246 277 2266 Koman
288 2251 321 2266 von
332 2248 386 2266 Doras
397 2247 485 2266 Dunckkt.

608 2267 623 2288 1

320 2279 377 2283 imüiimiiimiiiimi

103 2290 144 2312 „Sch
155 2290 199 2312 habe,
211 2290 237 2312 ſeit
243 2291 275 2309 Sie
280 2291 331 2309 meine
341 2292 383 2312 letzte
391 2290 451 2309 Studie
462 2289 515 2311 ſahen,
526 2289 577 2308 nickts
589 2290 628 2307 ernit

59 2312 112 2331 baftes
129 2313 173 2330 mehr
190 2313 280 2333 gearbeitet,
298 2314 366 2331 dennocg
385 2313 444 2331 möchte
461 2312 484 2330 ich
497 2312 529 2329 Sie
542 2316 570 2329 um
584 2310 624 2333 Jhre

59 2333 118 2355 Beiuch
129 2333 197 2351 bitten.
207 2333 244 2351 Erck
255 2334 282 2352 hat
294 2335 328 2351 eine
338 2334 401 2355 Menge
413 2336 459 2355 guter
467 2333 531 2354 Sachen
541 2333 625 2355 fertig..

102 2355 126 2374 Er
137 2355 228 2375 unterbruch
240 2355 260 2375 ſie
271 2355 316 2375 raich

102 2376 148 2397 „Wir
158 2381 212 2394 waren
223 2377 247 2394 bei
258 2376 319 2397 Jhnen,
336 2376 414 2397 Fraulein
426 2376 526 2395 Grumbach!
548 2375 587 2394 Von
601 2375 619 2392 de

58 2397 108 2418 Kopf
114 2398 170 2416 wollen
182 2398 213 2416 Sie
230 2398 258 2418 ſicch
270 2399 310 2415 nicht
327 2399 398 2418 trennen,
415 2401 445 2415 wie
456 2399 474 2414 es
486 2397 546 2418 ſcheint.
565 2397 635 2414 Studien

103 2482 140 2503 „So
152 2482 200 2500 bleibt
211 2483 249 2500 eben
261 2487 292 2500 nur
308 2484 333 2501 ein
345 2484 415 2503 Viertes,
432 2488 463 2501 wir
474 2482 575 2500 vereinbaren
586 2483 625 2500 etwo

59 2503 169 2524 Befimmtes,
180 2503 209 2523 auf
219 2504 249 2521 das
261 2505 291 2521 wir
302 2506 335 2522 ungz
347 2506 377 2522 das
385 2505 434 2524 Recht
445 2505 491 2524 durch
502 2505 537 2522 eine
542 2504 626 2524 Anzahiun

60 2525 137 2544 erkaufen.
159 2525 223 2542 Unders
234 2525 301 2546 ſcheinen
313 2525 343 2543 wir
354 2526 370 2547 ja
382 2527 419 2544 doch
430 2527 471 2544 nicht
484 2526 513 2543 mit
524 2525 580 2547 Jhnen
590 2526 625 2547 ferti

59 2550 80 2568 zu
91 2547 169 2568 werden.“
181 2546 224 2568 fügte
235 2551 252 2564 er
263 2547 384 2568 liebenswürdig
396 2548 467 2565 laͤchelnd
477 2547 529 2568 hinzu.

58 2610 140 2631 Uielleicht
151 2615 186 2628 war
203 2611 238 2629 dies
249 2613 306 2632 etwas,
323 2613 359 2629 was
370 2595 391 2632 ie
404 2611 509 2632 nbernehmen
520 2611 580 2632 konnte,
586 2611 628 2632 ohn

59 2632 127 2654 fuͤrchten
139 2636 159 2654 zu
170 2632 234 2654 muͤen,
245 2632 276 2655 daß
288 2635 305 2651 es
315 2633 370 2656 Frauz
381 2633 452 2658 verletzte.

104 2653 145 2673 „Jch
162 2654 213 2671 dachte
231 2658 252 2672 an
269 2655 303 2672 eine
314 2655 364 2673 Reihe
376 2658 408 2672 von
420 2653 545 2673 Gindienküpfen
556 2653 585 2671 mit
596 2654 628 2673 ſym

61 2672 160 2692 boliſtuchem
177 2675 250 2694 Beiwerk
267 2677 304 2694 oder
320 2676 368 2697 beſſer
384 2676 427 2697 noch,
445 2677 490 2697 durch
504 2675 531 2697 ſich
543 2675 586 2697 ſelbſt
596 2675 629 2697 ſym

105 2736 157 2755 Einen
164 2737 258 2759 Augenblick
268 2740 302 2761 flog
314 2743 365 2759 eiwas
377 2742 407 2759 wie
414 2741 529 2761 Befriedigung
540 2740 572 2759 und
583 2740 610 2758 inn

59 2757 181 2780 Genugtbnung
193 2758 236 2777 über
253 2761 279 2782 ihr
294 2761 361 2783 Geſicht.
383 2762 435 2781 Dann
451 2763 554 2781 veraͤnderten
565 2762 593 2783 fich
604 2763 627 2783 ihr

60 2822 128 2845 daben.
158 2822 196 2841 Und
214 2824 257 2842 dann
275 2824 303 2845 ſich
319 2830 338 2846 zu
343 2826 407 2845 einem
411 2826 484 2848 Luͤcheln
501 2827 589 2849 zwingend,
607 2829 627 2845 da

60 2907 92 2925 Sie
108 2909 147 2930 mich
164 2909 214 2928 dafur
227 2910 303 2928 brauchen
319 2911 381 2929 können
397 2920 418 2925 —
435 2916 467 2931 von
484 2913 624 2932 Berhenhelm

58 2928 81 2947 ich
92 2929 143 2950 frei.
152 2930 188 2949 Vor
201 2931 253 2949 Ullem
261 2933 300 2950 thun
308 2932 339 2951 Sie
347 2933 377 2950 mir
386 2937 409 2950 und
409 2934 457 2952 ſich
465 2935 509 2953 lelbſt
520 2936 549 2953 den
561 2935 635 2954 Gefallen

59 2951 92 2968 und
104 2951 174 2969 kommen
181 2952 213 2970 Sie
224 2953 283 2973 herans
294 2955 326 2972 und
337 2954 382 2974 ſehen
389 2955 419 2972 Sie
426 2954 453 2975 ſich
459 2955 512 2974 Ercks
518 2957 581 2975 Gachen
593 2957 629 2974 an.“

61 3018 117 3038 zange
122 3019 141 3037 zu
153 3021 184 3035 ein.
206 3017 303 3038 Geiprochen
314 3019 368 3036 wuürde
379 3020 419 3037 nicht
430 3020 473 3039 mehr
483 3021 519 3038 viel.

103 3036 138 3054 Der
148 3037 196 3060 junge
207 3038 263 3057 Mann
274 3043 299 3057 war
301 3041 448 3062 angenſchemulich
458 3041 548 3062 verſtiumt.
559 3041 634 3063 Dennoch

58 3058 99 3063 —
97 3065 136 3083 nen
142 3062 261 3084 einretende
277 3068 392 3087 Avonmenten
414 3070 490 3087 erhaſten
512 3071 544 3087 ven
567 3070 631 3087 beretta

57 3084 173 3102 erlchienenen
181 3086 232 3105 Theil
239 3087 282 3107 diefe
283 3088 383 3106 nomane
391 3090 423 3108 an
430 3089 503 3109 uCch
513 3090 630 3109 nnentuetuic

58 2419 163 2439 auszuſtelien
180 2421 213 2437 und
229 2424 249 2441 zu
266 2420 349 2437 verkaufen
369 2419 441 2440 erſcheint
457 2418 516 2441 Zhrem
532 2418 600 2448 Curgeiz

57 2441 172 2461 Unbedentend,
184 2440 238 2458 Reues
250 2441 300 2459 haben
312 2441 343 2459 Sie
354 2442 395 2460 nicht
407 2440 507 2461 geſchaffen.
519 2452 538 2457 ..

102 2461 149 2479 Milli
160 2461 221 2482 bejahte
232 2464 262 2479 mit
273 2462 381 2480 dreimaliaem
392 2461 539 2483 Kopfnicken...

103 2567 135 2586 Sie
147 2568 189 2585 batte
200 2567 240 2588 nicht
252 2569 282 2585 das
294 2568 339 2589 Herz,
356 2569 404 2589 meich
416 2568 479 2589 „Rein“
493 2573 513 2589 zu
523 2569 575 2589 ſagen.
597 2568 631 2587 Ver

60 2589 117 2607 dienen
128 2589 182 2610 mußte
192 2589 217 2610 ſie.
236 2589 268 2608 Die
274 2589 379 2608 Verbindung
390 2590 419 2607 mit
425 2589 534 2609 Werbenhelm
541 2589 568 2607 war
569 2590 630 2611 gelöſnt

61 2844 128 2866 wirklich
145 2849 186 2867 ganz
202 2845 251 2865 beiter
266 2849 301 2863 war
317 2847 350 2864 urd
367 2849 418 2868 nichtz
435 2852 468 2867 von
478 2848 561 2867 Biterkeit
577 2853 598 2867 an
609 2849 627 2868 ſie

60 2865 111 2890 hatte:
144 2865 209 2889 Laflen
227 2867 259 2885 Sie
277 2867 314 2887 nich
333 2868 381 2890 ruhig
400 2870 424 2888 bei
443 2872 506 2889 meinen
524 2870 630 2891 Anſichtavoſt

60 2888 113 2905 karten
130 2890 163 2905 und
180 2888 273 2911 dergleichen
291 2890 397 2911 angenehnmen
414 2891 480 2912 Dingen
502 2893 551 2912 mehr.
585 2892 623 2910 Wen

105 2972 136 2990 Sie
148 2977 183 2991 war
194 2974 309 2996 aufgeſlanden.
321 2976 371 2994 Beide
381 2976 451 2998 ichlugen
462 2978 491 2994 den
503 2977 579 2999 Rückweg
590 2978 635 2999 durch

60 2992 106 3011 einen
117 2994 197 3016 ſchmalen,
209 2997 238 3013 mit
249 2996 359 3018 Kunſtwerken
370 2996 481 3019 vollgeſtellten
489 2998 539 3020 Gang
549 2999 584 3017 dem
592 3000 635 3018 Aug⸗

59 2779 103 2802 Blge
111 2779 186 2803 ploͤtzlich,
196 2780 229 2798 und
240 2781 276 2800 hart
287 2784 320 2801 und
331 2784 381 2805 haſtig
392 2784 435 2805 ſagte
446 2784 474 2803 ſte:

105 2802 162 2823 Nein,
168 2802 221 2824 laſten
231 2806 262 2820 wir
273 2803 308 2822 das.
337 2805 368 2827 Jch
380 2807 428 2827 tauge
439 2806 480 2824 nicht
497 2810 517 2827 zu
528 2805 587 2827 großen
598 2805 631 2825 Uuf

59 2694 133 2732 delnhd
144 2696 274 2715 wirkend...

120 2719 137 2733 er
147 2715 195 2738 junge
205 2718 261 2736 Mann
272 2718 300 2740 ſah
310 2718 331 2739 ſie
341 2719 408 2740 fragend
419 2723 445 2737 an.

665 2184 718 2202 lebnte
734 2189 751 2202 er
766 2184 829 2202 Millis
840 2184 930 2205 Vorſchlag,
944 2183 995 2202 Ercks
1012 2183 1076 2205 Sachen
1092 2183 1182 2205 anzufchen,
1199 2183 1238 2204 nicht

664 2210 700 2226 zum
711 2206 818 2226 zweitenmale
829 2206 853 2223 ab.

712 2227 752 2247 „Jch
763 2228 815 2244 werde
826 2227 859 2245 alfo
870 2227 907 2245 noch
919 2226 936 2244 in
947 2226 993 2244 dieler
1003 2226 1060 2247 Woche
1071 2226 1102 2244 Sie
1115 2226 1186 2246 drauben
1204 2226 1238 2243 ant—

666 2248 739 2270 zuſuchen
751 2250 781 2266 mir
792 2249 871 2266 erlauben.
899 2248 979 2267 Vielleicht
990 2248 1040 2266 haben
1057 2248 1089 2265 Sie
1104 2247 1133 2269 ſich
1150 2249 1176 2265 bis
1192 2248 1239 2269 dahin

665 2272 709 2288 eines
720 2270 794 2290 Beſſeren
805 2270 886 2290 beſonnen,
898 2269 975 2290 Fraͤulein
985 2270 1091 2287 Grumbach.“

711 2291 752 2312 „Jch
764 2292 821 2312 glaube
831 2292 931 2311 ſchwerlich.
948 2291 989 2312 ſogte
1000 2292 1024 2312 ſie.
1043 2292 1089 2312 „aber
1103 2291 1191 2312 immerhin.
1207 2290 1239 2308 Sie

666 2314 728 2331 werden
739 2314 763 2330 die
774 2312 825 2333 Fahrt
835 2314 875 2330 nicht
886 2313 967 2330 bereuen.

711 2334 737 2352 Es
748 2338 782 2351 war
793 2334 830 2354 zwei
842 2334 880 2354 Uhr,
893 2335 920 2352 als
931 2334 978 2352 Milli
989 2334 1045 2352 wieder
1056 2334 1085 2352 auf
1096 2334 1119 2351 die
1131 2333 1184 2353 Strae
1184 2334 1239 2351 trat.

666 2356 708 2374 Drei
720 2356 796 2373 Stunden
813 2357 850 2375 noch
862 2356 888 2373 big
905 2360 932 2376 zur
943 2356 1009 2376 Ubrahrt
1021 2356 1049 2373 des
1060 2355 1121 2376 Zuges!
1143 2355 1184 2373 Was
1196 2355 1239 2372 nunz

667 2377 699 2395 Um
711 2378 772 2395 weitere
778 2377 938 2398 Kunſtſammlungen
950 2377 1056 2398 aufzuſuchen,
1069 2379 1108 2398 dazu
1120 2382 1144 2394 war
1146 2377 1181 2394 ſie
1189 2378 1239 2394 inner⸗

667 2399 696 2416 lich
707 2403 727 2419 zu
739 2399 812 2416 ermüdet.
835 2399 923 2416 Einkäͤuie?
943 2398 989 2416 Nein.
1011 2398 1043 2416 Sie
1054 2399 1107 2416 wollte
1118 2399 1147 2415 mit
1159 2399 1239 2416 Geldaus⸗

668 2421 717 2441 geben
729 2420 777 2438 lieber
787 2425 817 2441 gar
828 2421 868 2440 nicht
879 2420 908 2441 erſt
920 2420 1004 2441 anfangen.
1015 2420 1080 2440 ſondern
1089 2422 1124 2437 was
1136 2421 1161 2437 ihr
1172 2423 1203 2437 von
1211 2421 1240 2437 den

668 2442 858 2463 dreibundenundiechzig
866 2441 915 2459 Mark
926 2441 976 2463 ſbrig
983 2442 1028 2460 blieb,
1040 2441 1067 2461 für
1076 2442 1105 2458 den
1112 2441 1196 2462 Hansdalt
1207 2445 1240 2458 ver⸗

666 2464 737 2480 wenden.
761 2463 813 2481 Einen
824 2463 917 2483 Augenblick
927 2462 978 2480 dachte
988 2463 1008 2483 ſie
1019 2467 1041 2480 an
1049 2462 1099 2482 Erich.
1116 2463 1155 2480 Wenn
1157 2462 1198 2481 ſie
1210 2463 1239 2479 das

667 2484 710 2502 haͤtte
721 2485 824 2505 ermöglichen
835 2485 900 2505 koͤnnen,
912 2485 940 2502 mit
949 2485 980 2504 ihm
991 2484 1079 2505 znſanmen
1087 2489 1107 2505 zu
1114 2484 1192 2501 kommen!
1209 2484 1240 2501 Sie

667 2506 723 2523 konnte
739 2506 772 2525 ihm
790 2507 835 2523 einen
846 2506 951 2524 Dienſtmann
968 2506 1032 2525 ſchicken,
1049 2506 1081 2525 ihm
1098 2506 1123 2523 ein
1134 2505 1239 2525 Rendeznous

667 2528 762 2547 beſtimmen.
779 2527 816 2545 Wer
824 2528 864 2547 weiß
872 2528 914 2547 aber,
925 2528 945 2545 ob
952 2528 979 2547 ihn
986 2528 1013 2544 der
1020 2518 1125 2545 Hienftmann
1134 2527 1170 2546 traf.
1189 2527 1239 2545 Dann

668 2551 733 2567 wartete
744 2549 764 2569 ſte
775 2549 861 2570 vergebens
872 2549 905 2566 und
916 2549 961 2566 Etich
978 2549 1020 2566 batte
1031 2548 1177 2570 Ungelegenheten,
1194 2552 1239 2566 wenn

666 2570 715 2588 UAdele
726 2574 759 2588 von
770 2571 796 2588 der
805 2570 888 2590 Botichaft
899 2570 947 2588 Wind
957 2570 1014 2587 bekam.

711 2592 758 2609 Mii
769 2592 827 2612 wußte,
838 2592 858 2612 ſie
869 2596 903 2609 war
914 2592 944 2609 das
955 2592 998 2611 rothe
1009 2591 1053 2610 Tuch
1064 2591 1091 2609 fir
1101 2591 1124 2608 die
1131 2591 1239 2612 Schmägerin.

666 2613 700 2634 Jor
711 2613 763 2631 Rame
780 2614 828 2631 allein
845 2613 890 2634 reizte
906 2613 954 2631 Udele
970 2613 996 2630 bis
1012 2618 1041 2634 zur
1052 2613 1194 2634 Bewußtloſtakeit.
1216 2613 1239 2631 Er

667 2634 719 2652 durfte
730 2635 752 2652 im
758 2634 811 2656 Haule
821 2635 866 2656 ſchon
877 2636 923 2656 lange
934 2635 974 2654 nicht
984 2635 1029 2654 mehr
1035 2637 1104 2656 genannt
1111 2637 1177 2652 werden.
1194 2634 1240 2652 Ulles

666 2658 702 2673 was
713 2656 763 2677 Halm
780 2656 815 2677 hieß
832 2657 869 2674 oder
884 2656 957 2677 geheißen
969 2656 1015 2677 hatte,
1033 2658 1062 2673 mit
1078 2656 1127 2674 einem
1139 2656 1188 2677 Halm
1205 2659 1240 2673 ver⸗

665 2677 720 2695 wandt
737 2678 773 2695 obder
784 2678 894 2699 verſchwaͤgert
906 2682 944 2697 war,
960 2677 987 2696 kah
1003 2678 1020 2695 in
1037 2678 1062 2695 ihr
1079 2682 1102 2695 nur
1103 2678 1147 2694 die
1164 2677 1239 2697 ſittenloſe

665 2699 782 2720 Verbrecherin,
797 2699 827 2717 mit
838 2700 864 2717 der
862 2698 899 2717 die
909 2698 1075 2720 alleroderfluͤchlichſie
1086 2699 1185 2720 Berührung
1196 2699 1239 2720 ſchon

664 2720 764 2741 beſchmutzte.

709 2742 760 2760 Dann
776 2741 804 2763 fiel
819 2742 866 2761 Milli
882 2741 982 2761 Elmenhorſt
995 2742 1026 2760 ein.
1048 2741 1154 2763 GElmenhorſt,
1165 2741 1239 2759 das

709 2850 757 2868 Milli
765 2849 821 2871 mußte
831 2850 902 2871 zweimal
913 2850 985 2871 Uingeln,
996 2850 1024 2871 ehe
1037 2850 1083 2871 Beß
1096 2849 1124 2871 fich
1135 2849 1240 2871 ſchlurkenden

665 2871 746 2893 Schrittes
757 2873 804 2890 nahte
814 2873 847 2890 und
857 2877 877 2893 zu
888 2871 940 2893 oͤffnen
947 2871 1020 2892 geruhte.

709 2894 742 2911 Uls
755 2898 772 2911 er
782 2894 828 2912 Milli
845 2895 927 2915 gewahrte,
944 2893 1007 2915 ſtrahlte
1023 2898 1040 2912 er
1051 2893 1089 2912 ſitber
1103 2893 1134 2911 das
1146 2898 1194 2915 ganze
1204 2893 1240 2915 alte,

665 2958 703 2980 Ree,
714 2960 751 2976 was
762 2959 789 2976 der
800 2959 842 2980 Herr
852 2958 880 2979 ſich
892 2958 945 2980 freuen
957 2958 1014 2977 wird!“

708 2979 745 2998 Und
756 2980 803 2998 dabei
804 2979 891 3000 ſchüttelte
902 2981 935 2998 und
946 2980 1004 2998 drückte
1014 2980 1042 2998 der
1053 2980 1090 2998 Ulte
1100 2980 1134 3002 ihre
1141 2980 1198 3002 Haͤnde
1209 2980 1241 2998 und

666 3001 714 3023 ſchien
726 3001 746 3020 ſie
757 3006 787 3023 gar
799 3003 839 3021 nicht
850 3002 906 3019 wieder
916 3001 992 3023 loslaſſen
1002 3006 1023 3023 zu
1034 3003 1096 3020 wollen.

662 3112 723 3130 arauen
734 3109 781 3130 Kohf.

665 2763 697 2781 das
708 2763 784 2784 Richtige.
802 2763 840 2784 Jhn
850 2764 916 2782 erkreute
927 2764 946 2783 ſie
957 2764 1003 2782 durch
1014 2764 1058 2784 ihren
1070 2763 1135 2784 Befuch.
1150 2763 1174 2781 Er
1185 2763 1240 2781 konnte

665 2786 704 2805 nach
715 2785 762 2805 Erich
762 2784 839 2806 ſchicken,
857 2786 897 2806 ohne
907 2785 937 2806 daß
949 2787 967 2803 es
978 2784 1038 2806 aufftel,
1050 2786 1083 2803 und
1094 2789 1128 2802 war
1139 2785 1165 2802 der
1176 2784 1240 2802 Bruder

665 2807 706 2827 nicht
717 2806 823 2828 autzufinden,
830 2807 861 2828 ließ
872 2807 915 2827 ſich's
926 2807 955 2824 mit
966 2807 1000 2824 dem
1011 2808 1060 2828 alten,
1071 2807 1097 2828 ihr
1107 2806 1145 2828 noch
1157 2807 1212 2824 immer
1223 2806 1238 2828 ſo

665 2828 751 2850 ergebenen
761 2828 834 2850 Freunde
845 2829 885 2849 nicht
896 2829 931 2846 fbel
942 2828 1023 2848 plaudern.

708 3023 765 3041 Milli
774 3024 833 3041 machte
848 3023 876 3044 ſich
894 3024 963 3044 lacheind
979 3023 1009 3044 frei
1027 3026 1060 3042 und
1071 3024 1127 3044 fragte,
1142 3024 1162 3041 ob
1173 3023 1193 3042 ſie
1204 3023 1241 3043 auch

664 3044 762 3066 dvorgelaſien
784 3045 846 3063 werden
863 3044 916 3063 würde
938 3046 975 3063 oder
995 3045 1016 3063 ob
1034 3045 1077 3067 Herr
1094 3044 1195 3067 Gimenhorſt
1216 3046 1241 3064 be⸗

662 3065 733 3087 ſchaͤftiat
743 3066 768 3087 ſei.

708 3087 736 3105 Da
758 3088 811 3110 krathte
833 3088 860 3106 der
877 3087 915 3106 ülie
937 3088 966 3106 mit
987 3087 1067 3111 komiſcher
1085 3088 1195 3111 Verlegenheit
1212 3089 1241 3107 den

665 2915 757 2934 derkniffene
768 2915 833 2935 Geſicht.

709 2915 757 2959 e
768 2937 785 2957 ſo
797 2936 840 2956 was!
859 2936 909 2959 Unſer
914 2936 991 2958 Fraͤulein
999 2936 1052 2959 Milli,
1064 2937 1122 2959 endlich
1134 2937 1168 2955 mal
1176 2936 1239 2955 wieder

1310 2270 1357 2287 Midi
1368 2271 1420 2287 lockte.

1313 2291 1355 2312 „Nee
1366 2292 1388 2308 im
1396 2291 1448 2309 Ernſt.
1465 2291 1493 2308 So
1504 2292 1537 2309 wat
1547 2291 1597 2312 fbt's.
1615 2291 1657 2312 Zum
1665 2291 1741 2312 Beiſpielt
1751 2291 1778 2309 ber
1783 2290 1838 2309 Mann

1268 2313 1332 2333 Hingelt
1343 2318 1372 2330 an:
1389 2313 1456 2330 Komme
1467 2313 1516 2332 ſofort
1527 2314 1564 2330 nach
1576 2312 1632 2333 Hauſe.
1660 2312 1730 2332 Nachker
1746 2312 1764 2332 iſt
1781 2314 1799 2329 es
1815 2313 1839 2330 ein

1269 2335 1338 2352 Underer
1354 2335 1427 2355 geweſen,
1444 2335 1471 2352 der
1482 2335 1510 2355 ſich
1521 2334 1545 2352 ne
1556 2333 1584 2355 Utz
1597 2334 1665 2355 gemacht
1677 2335 1708 2355 hat,
1725 2338 1757 2351 wer
1768 2333 1808 2351 kann
1820 2334 1839 2351 da

1269 2356 1333 2375 dafor??

1312 2377 1360 2398 „Wer
1376 2377 1395 2397 iſt
1412 2377 1453 2394 denn
1469 2377 1494 2394 die
1504 2376 1563 2398 Dame,
1579 2377 1608 2398 auf
1619 2377 1643 2395 die
1654 2376 1685 2395 Sie
1701 2377 1746 2394 einen
1756 2376 1773 2398 ſo
1784 2376 1839 2398 kurcht⸗

1268 2399 1316 2416 baren
1327 2399 1371 2418 Zorn
1383 2399 1437 2418 baben,
1449 2398 1515 2418 Weinf?

1312 2420 1383 2440 „Dame!
1405 2420 1437 2439 dch
1453 2420 1475 2440 ſo,
1492 2424 1513 2437 na
1529 2420 1552 2440 ſja.
1578 2419 1616 2437 Das
1627 2419 1646 2439 iſt
1661 2419 1685 2437 die
1696 2419 1740 2440 Frau
1756 2422 1789 2436 von
1800 2419 1840 2437 nem

1269 2441 1393 2460 Reck‚skanwalt.
1421 2441 1476 2459 Trude
1487 2441 1545 2459 SGack
1560 2441 1602 2460 beiht
1619 2441 1643 2460 ſie.
1673 2441 1704 2458 Sie
1719 2441 1751 2460 läßt
1763 2441 1790 2460 ſich
1801 2442 1839 2457 au—

1269 2464 1326 2483 hauen.
1343 2463 1381 2481 Dan
1392 2463 1439 2483 beißt,
1451 2464 1481 2480 das
1493 2463 1548 2480 konmte
1558 2463 1602 2483 ſchon
1611 2463 1661 2483 längſt
1673 2463 1751 2483 geicheben
1759 2462 1795 2481 fein.
1812 2462 1839 2479 Ss

1271 2527 1290 2546 ſie
1302 2528 1346 2545 mit'n
1358 2531 1407 2544 neuen
1415 2526 1547 2546 Kleedagenſtück.
1565 2527 1607 2544 Uber
1619 2527 1650 2544 fort
1662 2526 1699 2546 muß
1711 2526 1738 2546 ſte;
1749 2526 1793 2545 heute
1802 2526 1839 2546 mn

1269 2548 1289 2569 ſie
1301 2549 1337 2567 fort.
1359 2548 1417 2569 Wiſien
1429 2549 1466 2567 Sie,
1477 2548 1596 2569 Fräͤuleinchen,
1613 2549 1634 2566 da
1647 2552 1680 2566 war
1691 2548 1750 2569 neulich
1762 2549 1788 2565 der
1798 2548 1841 2569 Bro⸗

1269 2570 1315 2591 feſfor
1326 2570 1360 2590 hier
1371 2579 1392 2583 —
1403 2570 1449 2588 unſer
1459 2569 1577 2591 Vrofeſſor...

1580 2570 1588 2578 i

1311 2591 1358 2609 Milli
1375 2592 1415 2612 legte
1432 2593 1466 2608 dem
1474 2591 1521 2609 Ulten
1533 2591 1556 2609 die
1562 2591 1610 2612 Hand
1621 2591 1649 2609 auf
1656 2592 1685 2608 den
1692 2591 1737 2608 Arm.
1756 2590 1841 2612 Aufgereal

1269 2613 1320 2634 fragte
1331 2613 1359 2631 ſie:
1371 2612 1439 2634 Crich?
1460 2613 1496 2631 Wie
1506 2613 1533 2633 ſah
1544 2618 1561 2630 er
1572 2614 1608 2631 ans.
1620 2612 1685 2632 Weiß?“

1312 2634 1354 2655 „Na,
1372 2636 1405 2653 nich
1422 2635 1466 2655 jrade
1482 2634 1565 2655 jrotzartig.
1587 2634 1644 2654 Wiſſen
1656 2634 1691 2654 Sie,
1709 2633 1789 2654 Fränlein,
1806 2633 1839 2654 Jm

1270 2725 1363 2742 genommen
1374 2730 1395 2733 —
1407 2722 1440 2738 und
1451 2724 1476 2738 was
1477 2720 1522 2742 iſt
1538 2720 1621 2737 dabinter?
1631 2728 1652 2732 —
1663 2719 1748 2741 jarnicht?!
1771 2719 1787 2737 So
1789 2720 1842 2736 eine

1270 2742 1331 2760 neibrs
1342 2742 1389 2760 toſler
1399 2743 1426 2760 als
1438 2743 1512 2760 manches
1524 2747 1566 2759 arme
1574 2740 1667 2761 Mändchen,
1670 2742 1704 2758 dem
1711 2741 1748 2761 Jott
1759 2740 1799 2761 weiß
1807 2741 1841 2757 wan

1270 2763 1358 2785 nochjelagt
1369 2765 1413 2783 wird,
1430 2765 1464 2781 und
1475 2763 1519 2781 dabei
1536 2763 1572 2785 janz
1583 2764 1648 2784 bequem
1660 2764 1692 2780 und
1704 2762 1785 2782 nebenher,
1802 2763 1842 2779 obne

1270 2785 1301 2805 dat
1309 2784 1344 2805 ihr
1361 2787 1397 2803 mas
1411 2785 1470 2804 valfirt.
1498 2785 1529 2802 Sie
1536 2784 1573 2804 hat
1589 2784 1633 2805 ia'n
1644 2784 1704 2805 Mann,
1715 2786 1747 2801 und
1758 2788 1805 2801 wenn
1816 2784 1842 2801 der

1271 2872 1307 2892 voch
1319 2872 1352 2890 nich
1363 2872 1427 2892 jejeben.
1453 2870 1500 2889 Uber
1507 2875 1541 2889 nun
1552 2871 1571 2892 iſt
1581 2872 1605 2888 die
1616 2870 1718 2892 Haupiſache,
1735 2870 1764 2888 wie
1781 2872 1841 2887 werden

1270 2895 1300 2910 wier
1311 2893 1331 2910 ſie
1341 2893 1386 2910 losf

1314 2914 1360 2932 Milli
1372 2919 1407 2932 war
1417 2914 1469 2934 laͤnaſt
1486 2917 1518 2932 von
1529 2914 1563 2931 dem
1575 2913 1632 2933 Siuhl,
1649 2913 1678 2932 ank
1691 2913 1726 2931 dem
1736 2913 1757 2933 ſie
1767 2912 1792 2930 ein
1803 2915 1842 2933 paar

1270 2936 1372 2957 Ungenblicke
1388 2936 1505 2957 niedergefeſſen
1524 2936 1577 2957 hatte,
1596 2935 1711 2957 auigeſtanden.
1740 2935 1772 2952 Sie
1790 2935 1842 2951 wollte

1271 3002 1362 3020 adkommen
1373 3001 1427 3022 könne,
1439 3005 1466 3018 um
1478 3000 1524 3020 Erich
1537 3001 1601 3019 kerüber
1611 3004 1630 3021 zu
1641 3000 1694 3017 bitten.

1315 3023 1357 3041 Aber
1368 3023 1414 3042 Weißz
1430 3022 1484 3040 wollte
1501 3024 1551 3039 weder
1567 3025 1599 3039 von
1616 3023 1650 3038 dem
1661 3025 1705 3038 einen
1717 3020 1754 3040 noch
1765 3023 1796 3038 von
1808 3019 1842 3037 dem

1271 3045 1332 3063 anberm
1342 3045 1428 3065 Borfchlag
1439 3044 1497 3062 wiſſen.
1515 3043 1539 3062 Er
1550 3043 1593 3063 hatte
1603 3043 1691 3064 inzwiſchen
1702 3044 1739 3062 auch
1747 3042 1791 3059 einen
1798 3041 1842 3062 Plan

1271 3067 1366 3087 ausgeheckt,
1382 3068 1412 3084 den
1428 3070 1445 3083 er
1455 3065 1502 3084 Milli
1519 3066 1574 3087 gerade
1591 3065 1691 3084 umſtuͤndlich
1707 3068 1726 3085 zu
1738 3063 1842 3082 unterbreiten

1311 2184 1359 2205 „Das
1369 2184 1408 2204 hatt
1420 2185 1441 2204 ich
1453 2185 1470 2205 ja
1481 2189 1522 2205 ganz
1537 2184 1619 2205 vergeſien,
1630 2184 1661 2205 daß
1677 2184 1701 2200 die
1712 2183 1769 2202 Schack
1784 2183 1839 2201 drinne

1268 2205 1302 2226 fitzt.
1324 2206 1361 2224 Nee.
1372 2207 1389 2223 jo
1400 2208 1436 2223 wa
1447 2215 1468 2219 —
1480 2211 1507 2223 nee
1518 2205 1550 2226 jon
1561 2206 1612 2226 Pech!
1623 2205 1655 2223 Die
1666 2205 1703 2226 muß
1715 2210 1753 2226 weg,
1765 2205 1781 2222 in
1791 2205 1839 2226 jedem

1269 2485 1316 2505 lange
1333 2485 1372 2505 haut
1389 2485 1435 2503 unſer
1445 2484 1487 2505 Herr
1503 2484 1533 2504 faſt
1547 2484 1576 2501 nie.
1604 2484 1646 2501 Uber
1658 2484 1677 2503 ſie
1688 2484 1744 2500 kommt
1758 2483 1774 2505 ja
1786 2483 1840 2501 immer

1271 2505 1328 2523 wieder
1338 2507 1370 2524 und
1382 2506 1421 2523 kann
1434 2507 1474 2525 nicht
1482 2510 1533 2526 genug
1541 2505 1606 2525 kriegen,
1617 2506 1650 2522 und
1658 2505 1713 2522 immer
1721 2506 1777 2522 wieder
1785 2505 1841 2522 kommt

1269 2656 1334 2674 Bruder
1352 2656 1379 2674 hat
1396 2657 1434 2674 auch
1454 2655 1496 2673 keine
1512 2656 1593 2674 Meinung
1613 2659 1646 2673 von
1664 2656 1690 2672 der
1708 2656 1727 2672 da
1745 2655 1785 2672 drin.
1814 2655 1841 2672 So

1270 2679 1305 2694 was
1323 2677 1365 2697 laͤuft
1384 2682 1407 2695 nu
1425 2682 1462 2695 rum
1480 2677 1513 2695 und
1530 2677 1556 2698 jiit
1574 2674 1601 2698 fuͤr
1618 2677 1643 2694 'ne
1659 2677 1723 2697 ehrbare
1739 2676 1784 2698 Frau
1808 2677 1841 2693 und

1270 2699 1327 2717 kommt
1344 2699 1405 2717 überall
1421 2699 1449 2719 hin
1466 2699 1499 2716 uud
1516 2698 1556 2716 wird
1572 2699 1601 2716 mit
1618 2698 1670 2719 Gethu
1687 2698 1719 2715 und
1736 2697 1790 2715 Getba
1807 2697 1842 2717 auf⸗

1270 2807 1315 2825 Mann
1316 2806 1381 2827 ſich's
1393 2807 1460 2827 gefallen
1476 2806 1515 2827 laͤht,
1532 2810 1568 2823 wen
1584 2805 1631 2827 jeht's
1648 2806 1688 2823 denn
1705 2807 1743 2826 noch
1761 2807 1797 2822 was
1811 2804 1843 2822 an?

1270 2828 1305 2846 Der
1322 2828 1351 2848 ſoll
1369 2829 1445 2849 übrigens
1464 2829 1501 2846 ooch
1518 2827 1544 2845 ine
1561 2826 1618 2849 putzige
1634 2827 1685 2845 Kruke
1703 2827 1739 2847 ſein,
1758 2827 1785 2844 der
1800 2826 1842 2848 Hert

1270 2850 1394 2870 Rechtganwalt.
1417 2849 1448 2868 Die
1464 2849 1565 2870 Angendrole
1582 2849 1625 2870 hatte
1642 2850 1674 2867 ihm
1690 2849 1715 2866 die
1731 2848 1762 2866 olle
1773 2848 1842 2870 Ziabellt

1271 2960 1324 2978 gehen,
1342 2959 1363 2975 da
1381 2958 1402 2977 ſie
1420 2957 1521 2978 Elmenhorſt
1528 2956 1630 2975 keinesfals
1648 2957 1698 2978 ſtören
1716 2956 1763 2973 laſften
1780 2957 1841 2974 mochte.

1270 2978 1309 2998 Tann
1311 2979 1359 2999 fiel
1370 2980 1395 2997 ihr
1406 2980 1436 2999 ein,
1448 2979 1479 2999 daß
1490 2979 1535 2999 Beiß
1547 2983 1573 2996 am
1585 2979 1630 2996 Ende
1647 2979 1675 2995 auf
1686 2979 1719 2995 eine
1730 2977 1842 2999 Viertelſtunde

1284 2228 1314 2244 alle
1325 2227 1363 2247 muß
1375 2227 1394 2247 ſie
1405 2232 1444 2248 weg.
1462 2227 1515 2246 Benn
1526 2228 1556 2245 wir
1566 2232 1605 2244 man
1615 2226 1696 2248 Telephon
1708 2227 1765 2247 haänten,
1777 2226 1807 2248 ließ
1808 2226 1838 2248 ich

1267 2227 1288 2270 4
1298 2249 1421 2269 weabimmeln.“

1270 3089 1338 3109 begann,
1349 3088 1377 3106 als
1388 3087 1459 3109 draußen
1470 3092 1491 3105 an
1503 3086 1529 3104 der
1539 3086 1604 3109 Klingel
1615 3090 1681 3109 gezogen
1692 3085 1748 3103 wurde.

1480 3108 1587 3130 GFortſetzung
1596 3091 1648 3130 folzt

1309 1829 1352 1851 Zur
1373 1829 1544 1851 Nichtbeſtätizung
1566 1828 1700 1850 Kauffmann'd
1727 1828 1793 1846 bemerkt
1814 1827 1838 1846 die

1266 1851 1384 1872 „Germania?:

1324 1873 1348 1889 Es
1363 1873 1412 1888 icdeint
1427 1880 1446 1884 —
1461 1873 1484 1888 die
1498 1873 1553 1888 weitert
1562 1872 1652 1889 Fentſtelung
1667 1872 1690 1886 der
1705 1871 1781 1886 wirllichen
1795 1870 1839 1887 That⸗

1286 1892 1334 1908 ſachen
1344 1892 1387 1907 blribt
1396 1892 1488 1908 abzuwarten
1498 1899 1517 1902 —
1527 1891 1555 1908 Koß
1565 1892 1585 1906 im
1595 1891 1636 1908 Falle
1646 1890 1734 1908 Kauffmann
1744 1890 1786 1908 zwei
1796 1894 1839 1908 qgeanz

1286 1911 1403 1926 verickiezene
1418 1911 1511 1926 BGehorden
1526 1911 1555 1926 idre
1566 1910 1648 1926 Borichlägt
1658 1911 1682 1924 der
1692 1909 1740 1925 Ftore
1750 1909 1839 1924 unterbrettei

1287 1929 1333 1946 haben
1344 1940 1348 1944 .
1358 1939 1362 1944 .
1372 1940 1376 1945 .
1391 1930 1437 1945 Genn
1452 1929 1492 1946 heuite
1503 1932 1526 1944 der
1537 1929 1618 1944 Uiniſter
1632 1929 1663 1943 del
1677 1927 1747 1946 Zunetn
1758 1928 1777 1942 mit
1779 1928 1838 1943 einem

1288 1949 1310 1963 die
1327 1948 1420 1966 Benatigung
1436 1949 1476 1963 emen
1492 1948 1626 1966 Zivilbeamten
1646 1947 1738 1965 betreffenden
1754 1946 1839 1964 Borfchlage

1288 1968 1367 1984 negenüber
1378 1969 1408 1982 dem
1419 1967 1490 1984 Vortrage
1500 1968 1527 1981 des
1536 1966 1693 1982 Mititärtabineté
1704 1965 1789 1983 untertiegen
1800 1965 1839 1982 mun.

1287 1986 1334 2000 indem
1350 1987 1371 2001 die
1386 1986 1499 2002 milittriice
1508 1986 1597 2003 Steltung
1613 1987 1646 2000 und
1661 1984 1804 2003 Vergangendeit
1814 1985 1838 1999 dei

1286 2043 1365 2058 miniſtet
1376 2044 1405 2058 und
1421 2043 1460 2059 ſelbſt
1475 2044 1506 2057 dem
1517 2043 1651 2059 meicekanziee
1665 2041 1730 2059 paifiren.
1750 2042 1803 2057 Mürde
1813 2042 1839 2057 dan

1287 2061 1336 2079 baͤufig
1346 2062 1442 2079 vorkonmen,
1452 2061 1468 2079 ſo
1477 2062 1531 2079 ichlöſſe
1541 2063 1571 2077 dies
1582 2061 1621 2076 einen
1631 2061 1708 2079 Etnkiuh
1718 2062 1748 2076 des
1759 2060 1839 2075 Milität—

1286 2080 1369 2096 kadinett
1386 2081 1416 2096 auf
1433 2080 1460 2095 dis
1478 2081 1538 2096 innete
1555 2080 1673 2097 Berwaltungk
1690 2084 1721 2097 ein,
1736 2080 1751 2097 ſo
1769 2079 1797 2097 dah
1814 2079 1840 2094 allt

1288 2100 1358 2117 einzelnen
1374 2099 1494 2116 Keſfartminitter
1508 2101 1534 2117 aut
1549 2100 1594 2114 daran
1609 2100 1644 2115 thun
1655 2099 1718 2117 wuürden,
1730 2100 1751 2113 vei
1762 2098 1801 2114 ihren
1812 2098 1840 2114 Be—

1286 2117 1456 2136 ſtaͤttaungevorſchlaͤgen
1471 2119 1486 2133 in
1497 2118 1559 2136 Bukunſt
1574 2120 1598 2133 der
1608 2118 1670 2134 Vorſicht
1681 2118 1729 2135 halhte
1743 2121 1797 2135 zuvor
1812 2117 1838 2133 die

1286 2136 1372 2154 Keinung
1387 2138 1418 2152 bes
1433 2137 1593 2153 Militartabtnete
1607 2137 1697 2154 einzuholen,
1713 2140 1754 2151 wenn
1770 2136 1788 2153 ſite
1803 2136 1839 2153 nicht

1287 2004 1380 2022 betreffenden
1395 2005 1480 2021 Gewählten
1494 2009 1511 2022 zu
1527 2005 1571 2019 einem
1587 2004 1729 2022 aueictaggebenden
1741 2004 1808 2019 Moment
1818 2007 1838 2022 ge⸗

1287 2025 1331 2039 macht
1342 2026 1382 2041 wirdb,
1397 2024 1412 2040 ſo
1422 2024 1457 2039 kann
1468 2023 1527 2041 daſſelbe
1534 2027 1592 2041 morgen
1603 2023 1656 2041 jebem
1671 2026 1748 2038 andeten
1758 2023 1839 2038 RKettsete
