4236 6053
2596 998 2616 1020 —

802 3854 945 3886 Nachdruc
960 3855 1090 3884 verboten

2311 3229 2389 3273 KBur
2417 3228 2725 3273 Nichtbeſtätigung
2763 3226 3001 3267 Kauffmann's
3049 3226 3165 3258 bemerkt
3202 3226 3246 3258 die

2253 3270 2444 3307 Germania?:

1174 3856 1267 3886 lebnte
1295 3864 1326 3898 er
1353 3855 1463 3898 Millis
1481 3855 1641 3898 Vorſchlag,
1666 3854 1757 3887 Ercks
1786 3854 1899 3892 Sachen
1927 3854 2087 3893 anzuſehen,
2115 3854 2187 3892 nicht

1171 3900 1235 3932 zum
1255 3895 1444 3933 zweitenmale
1463 3895 1507 3933 ab.

2864 712 3034 758 Berlin

2705 765 2811 810 190l.
2837 789 2886 798 —
2909 769 2975 809 48.
2991 767 3192 819 Jahrgang.

482 3896 535 3963 O
552 3899 640 3960 pf
651 3911 734 3951 ev

372 3965 490 4002 Roman
509 3974 566 4000 von
586 3968 682 4000 Dora
701 3966 855 4000 Duncker.

119 909 191 937 —
192 907 284 936 —
287 908 302 930 ⏑
304 905 370 931 —
383 904 432 937 ⏑
434 903 538 937 —
539 903 560 937 —
575 902 687 934 ——

121 932 226 972 —
243 932 372 972 Morgent
389 935 441 962 und
453 933 561 972 Abendt
575 932 616 972 —

117 972 158 998 mit
165 965 284 995 Ausnahme
293 965 326 994 der
331 970 388 997 Tage
396 972 443 992 nach
449 968 521 992 Sonu
531 972 571 991 und
575 966 686 996 Feſtiagen.

120 996 183 1032 Ghei.
188 1004 311 1028 Nedaktent:
334 996 405 1028 Harl
421 1000 554 1029 Bolirath
570 1001 592 1023 in
608 1000 687 1024 Berita.

136 1040 295 1071 medattiou
297 1040 366 1071 und
383 1036 671 1071 Hauut⸗Erpedition:

276 1069 314 1094 V.
325 1069 463 1096 Luͤnowitraut
479 1069 528 1092 108.

130 1104 314 1130 Annahmeſenen
323 1105 359 1129 fur
367 1104 532 1131 Aronnements
539 1106 562 1125 u.
568 1100 682 1131 Jnlerate:

118 1130 159 1157 V.
163 1128 309 1157 Atonennraut
318 1132 352 1157 44,
372 1131 399 1156 G.
408 1131 448 1159 Gr.
457 1128 585 1157 Rrantiurter
598 1128 647 1159 Stt.
653 1128 689 1159 Si.

117 1156 165 1186 BoO.
178 1156 287 1185 Koutbuier
297 1160 346 1185 Stt.
354 1160 375 1185 4.
390 1159 415 1188 S.
425 1156 641 1188 Kommandantenim.
654 1156 691 1188 50

118 1185 151 1218 N.
160 1185 291 1220 Chauſjeeſtr.
306 1189 343 1215 GJ.
362 1188 390 1213 C.
405 1187 463 1211 Meue
477 1185 654 1214 Schoͤnbauferſtt.
669 1185 692 1210 L

122 1217 345 1247 —ODOruck
357 1223 405 1244 und
413 1222 599 1248 Berlag:
612 1243 681 1248 —.

117 1243 315 1275 Guteuberg7
316 1243 419 1275 Druaerei
430 1250 471 1275 und
485 1243 567 1275 Lerlan.
580 1245 635 1269 Uc.
639 1243 693 1272 Ee.

177 1269 319 1297 Viuin
328 1272 369 1299 M.
381 1272 518 1298 vubowira
532 1269 576 1293 los.

2706 852 2999 881 UAbounementkpreis
3014 854 3060 880 für
3076 853 3189 879 Berlin:

2662 885 2824 917 Uierteliahrlich
2834 890 2883 917 zwei
2890 889 2940 921 Wal
2952 888 3023 916 taͤglich
3033 887 3131 917 zugeftelli
3141 889 3190 921 4.50
3199 885 3232 912 M

2665 935 2748 946 22
2834 923 2874 941 nur
2889 917 3020 946 Vtorgens
3074 918 3160 946 4.
3164 927 3192 946 —
3206 932 3222 946 0

2662 943 2706 970 ——
2707 941 2780 976 ũ
2833 952 2875 976 —
2876 947 2922 977 ⏑
2923 941 2996 974 —
2998 945 3026 973 —B„“δe

2717 991 2733 1006 9
2770 973 2873 998 aut
2889 975 3030 1008 Mergens
3074 973 3089 1005 3
3140 974 3192 1000 1.46
3205 973 3220 1004 5

2682 1000 2954 1040 UMUoͤchenulch
2957 1008 2985 1031 35
3001 1000 3218 1040 Blennſnaz.

2675 1039 2744 1061 Beim
2759 1040 2939 1064 Geibſtabbolen
2953 1043 2999 1063 aus
3013 1042 3052 1062 der
3065 1034 3226 1068 Erpedition:

2664 1069 2758 1095 Quatial
2766 1072 2785 1094 à.
2788 1071 2815 1093 25
2825 1071 2867 1095 M.
2879 1071 2958 1094 Monat
2969 1072 3016 1096 1.10
3025 1069 3066 1094 M.
3076 1069 3152 1094 Woche
3161 1066 3230 1098 300

2681 1102 2867 1133 Einzelne
2878 1103 2984 1125 Kummer:
2998 1103 3022 1123 10
3035 1102 3165 1133 Bfennig.

2677 1130 2732 1160 DBei
2749 1132 2822 1156 alien
2840 1132 2983 1157 Deutichen
2999 1127 3218 1158 Voſtauſtaltent

2712 1167 2752 1192 deo
2763 1164 2854 1187 Quattal
2866 1165 2911 1188 .b0
2923 1165 2964 1188 M.
2977 1165 3077 1189 mouaui
3091 1165 3135 1189 Ibo
3149 1164 3183 1187 m

2721 1213 3154 1246 gZulertioutgebührt

2714 1245 2760 1278 Fur
2773 1239 2806 1272 die
2820 1239 2952 1277 gewoͤhmucht
2967 1239 3022 1277 Beue
3038 1248 3066 1271 40
3081 1239 3178 1276 unemnis

2314 3856 2398 3896 „Das
2417 3856 2486 3896 hatt
2506 3857 2544 3892 ich
2564 3856 2595 3895 ja
2614 3864 2688 3896 ganz
2707 3855 2858 3896 vergeſfen,
2868 3855 2931 3896 daß
2960 3855 3003 3896 die
3021 3854 3123 3896 Schack
3149 3854 3248 3896 drinne

2238 3890 2327 3931 ſitzt.
2336 3894 2403 3932 Nee.
2422 3890 2451 3932 jo
2470 3890 2539 3924 was
2554 3890 2594 3932 —
2597 3891 2661 3932 nee
2674 3891 2736 3931 ſo'n
2755 3891 2846 3929 Bech!
2855 3893 2921 3932 Die
2940 3892 3007 3929 muß
3027 3901 3094 3930 weg,
3114 3893 3144 3932 in
3151 3892 3247 3932 jedem

2238 3926 2319 3976 Falle
2338 3931 2406 3976 muß
2426 3931 2462 3976 ſie
2480 3939 2549 3976 weg.
2581 3931 2674 3964 Wenn
2682 3927 2746 3963 wir
2764 3927 2832 3962 man
2851 3928 2996 3970 Telephon
3014 3928 3116 3968 haͤrten,
3135 3928 3190 3968 ließ
3190 3930 3247 3968 ich

2237 3965 2273 4008 ſie
2291 3965 2506 4008 weabinmeln.“

2312 4004 2395 4039 Milli
2415 4008 2507 4038 lachte.

2315 4035 2394 4081 MNee
2410 4035 2449 4075 im
2449 4035 2556 4083 Ernſt.
2586 4044 2636 4075 So
2654 4045 2712 4076 wat
2730 4043 2818 4083 fibt's.
2851 4044 2924 4083 Zum
2933 4043 3088 4083 Beiſpiel:
3090 4044 3139 4083 der
3147 4043 3247 4083 Nann

2239 4077 2351 4120 klingelt
2371 4091 2422 4114 an:
2451 4082 2569 4122 Komme
2588 4082 2691 4122 jofort
2695 4078 2767 4122 nach
2781 4078 2881 4121 Hauſe.
2910 4079 3053 4122 Nachher
3081 4081 3114 4117 iſt
3122 4085 3174 4122 es
3203 4082 3247 4122 ein

2239 4116 2362 4165 Anderer
2389 4121 2518 4160 geweien,
2548 4121 2596 4152 der
2616 4121 2665 4158 ſich
2684 4120 2728 4152 ne
2747 4117 2797 4158 Uß
2819 4117 2939 4159 gemacht
2960 4122 3015 4158 hat,
3045 4127 3102 4151 wer
3121 4119 3192 4151 kaun
3211 4120 3247 4150 da

2239 4158 2355 4196 dajor?⸗

2310 2040 2369 2085 Die
2371 2040 2485 2089 Frage
2486 2040 2551 2082 die
2558 2040 2668 2089 herbei
2686 2055 2739 2080 vor
2756 2048 2838 2079 allem
2851 2047 3001 2089 interelſirt,
3021 2046 3067 2089 iſt
3070 2045 3132 2089 die,
3137 2044 3239 2089 welche

2237 2083 2374 2126 Stellung
2387 2083 2461 2120 das
2477 2083 2633 2126 Handwerk
2661 2091 2743 2118 unter
2762 2089 2813 2126 den
2842 2087 3020 2126 veraͤuderten
3031 2085 3243 2126 Verhaltunen

2237 2120 2445 2168 eingenommen
2459 2120 2531 2168 hat.
2570 2125 2685 2168 Darau
2714 2125 2815 2155 wollen
2843 2130 2894 2155 wir
2922 2122 3071 2159 demnuͤchit
3095 2122 3127 2152 in
3154 2122 3241 2151 einem

2236 2155 2349 2206 zwelen
2355 2155 2485 2197 Artikel
2484 2155 2550 2202 kurz
2569 2156 2724 2202 hinweiſen.

2311 2246 2378 2279 Die
2397 2244 2736 2284 Kabinetsregierung
2755 2240 2934 2284 entwickelt
2945 2240 3047 2284 ſich.
3047 2239 3107 2284 Der
3111 2237 3243 2284 Kaiſer

2235 2284 2285 2321 hat
2303 2278 2338 2315 es
2354 2278 2547 2321 abgelehnt,
2576 2279 2629 2321 den
2647 2279 3002 2321 Oberbürgermeiſter
3020 2280 3210 2321 Kirichnet
3210 2280 3242 2321 in

2236 2316 2311 2354 einer
2328 2328 2387 2353 von
2402 2316 2500 2357 dieſem
2521 2316 2728 2357 nachgeſuchten
2747 2319 2871 2357 Audienz
2890 2325 2924 2357 zu
2934 2318 3153 2357 empfangen.
3161 2318 3244 2357 Der

2238 2352 2341 2396 „Freif.
2360 2352 2455 2396 Ztqg.“,
2471 2360 2512 2389 die
2532 2360 2586 2389 das
2592 2353 2743 2396 mittheilt,
2755 2356 2796 2396 iſt
2817 2353 2901 2396 nicht
2902 2354 3038 2396 bekannt,
3039 2355 3101 2396 aus
3120 2354 3244 2396 welchem

2238 2390 2357 2430 Grunde
2360 2390 2664 2432 Sberbürgermeiſter
2683 2394 2828 2432 Kirichner
2843 2392 2903 2432 eine
2920 2392 3005 2432 ſolche
3023 2392 3147 2432 Audienz
3166 2392 3245 2423 nach⸗

2237 2427 2340 2472 geſucht
2360 2427 2420 2472 hat.
2456 2434 2501 2466 Es
2513 2427 2622 2472 heitzt,
2627 2432 2689 2472 daß
2701 2433 2767 2472 das
2775 2430 2878 2465 Geiuch
2898 2437 2947 2472 um
2966 2429 3026 2472 eine
3035 2429 3167 2472 Audienz
3179 2432 3245 2472 ver⸗

2236 2466 2335 2507 aͤulaßt
2363 2466 2458 2502 wurde
2486 2466 2578 2504 durch
2595 2467 2640 2501 die
2668 2469 2871 2508 üblehnung
2899 2470 2956 2508 der
2983 2468 3245 2508 Uevertührung

2235 2503 2293 2542 der
2306 2503 2496 2545 ſtäͤbtiſchen
2509 2503 2717 2543 eiektriſchen
2731 2507 2876 2538 Babnen
2896 2504 2975 2545 über
2977 2505 3058 2545 die
3059 2505 3244 2545 Liunden?.

2235 2540 2304 2580 Von
2308 2540 2368 2580 den
2387 2540 2562 2583 zuſtaͤndigen
2576 2541 2887 2583 Reſſortbebhörden
2898 2542 2957 2583 ſoll
2976 2542 3060 2583 die
3063 2542 3245 2583 Genehmignng

2236 2577 2329 2620 dieſer
2338 2577 2563 2620 Ueberführung,
2592 2578 2653 2614 die
2664 2583 2730 2619 nach
2759 2585 2810 2620 den
2837 2581 2998 2620 geſetzlichen
3017 2579 3246 2620 Beinimmungen

2236 2615 2286 2658 für
2295 2615 2408 2656 Berlin
2424 2615 2523 2658 ſeitens
2537 2615 2593 2651 des
2612 2616 2726 2658 Kaiſers
2748 2616 2934 2658 erforderlich
2948 2617 2987 2658 iſt.
3017 2617 3244 2658 beiürwortet

2238 2652 2351 2706 worden
2352 2652 2468 2699 ſein.
2471 2659 2527 2699 Jm
2546 2660 2668 2692 Kabinet
2671 2653 2752 2690 aber
2770 2653 2802 2695 it
2822 2658 2864 2688 die
2884 2654 3040 2690 Eclaubuiz
3060 2654 3242 2691 abgelehut

2236 2702 2356 2731 worden.

2235 1371 2355 1407 einzigen
2375 1370 2487 1402 Raume
2515 1369 2658 1406 vereinigt,
2688 1368 2746 1407 bier
2774 1366 2896 1407 ſchaffen
2920 1366 2995 1407 alle
3001 1365 3040 1395 im
3052 1364 3170 1407 Dienſte
3190 1365 3239 1407 des

2235 1402 2423 1447 Fobrikaaten
2452 1408 2600 1447 ſtehenden
2613 1403 2739 1447 ürbeiter
2748 1403 2849 1447 nach
2863 1405 2952 1447 ſeinen
2972 1404 3180 1447 Anordnungen
3206 1404 3240 1447 in

2235 1441 2287 1479 den
2306 1453 2363 1479 von
2381 1448 2439 1482 ihm
2454 1441 2527 1482 dazu
2558 1446 2727 1478 beſtimmten
2745 1443 2888 1482 Räumen,
2918 1443 2982 1482 bier
3000 1443 3175 1482 verarbeiten
3196 1443 3241 1482 ſie

2234 1476 2287 1516 den
2307 1476 2364 1516 von
2381 1476 2439 1515 ihm
2459 1476 2614 1521 beſchaffien
2634 1481 2762 1518 Rohſtoff
2782 1482 2832 1521 mit
2852 1477 2904 1511 den
2924 1480 2953 1521 in
2958 1478 3069 1521 feinem
3084 1478 3182 1515 Beſitze
3184 1479 3240 1521 be⸗

2236 1522 2380 1559 findlichen
2392 1516 2569 1559 Maſchinen;
2589 1522 2658 1559 kurz,
2678 1524 2710 1551 es
2710 1517 2838 1559 herricht
2851 1520 2893 1559 die
2907 1518 3001 1559 größte
3011 1518 3238 1559 Konzentration,

2236 1554 2279 1592 die
2297 1554 2364 1592 man
2383 1560 2432 1597 ſich
2458 1554 2569 1597 denken
2578 1555 2657 1589 kann.
2682 1558 2759 1597 Die
2778 1557 2915 1597 Vorzüge
2936 1556 3018 1597 dieſer
3034 1556 3241 1597 Vroduktions⸗

2237 1599 2315 1630 weiſe
2334 1600 2364 1629 in
2385 1592 2457 1629 allen
2478 1598 2529 1628 den
2549 1596 2658 1634 Fällen,
2678 1595 2708 1634 in
2728 1597 2812 1625 denen
2833 1595 2874 1634 ſie
2886 1594 3041 1634 überbanpt
3060 1594 3240 1634 verwendbar

2236 1628 2287 1679 iſt,
2293 1628 2362 1679 ſund
2362 1644 2408 1679 zu
2427 1628 2570 1672 bekannt,
2582 1636 2629 1666 als
2648 1633 2702 1671 daß
2725 1635 2777 1664 wit
2795 1632 2911 1663 daruͤber
2930 1632 2995 1668 noch
3015 1630 3058 1661 ein
3077 1630 3160 1662 Wort
3179 1636 3240 1660 ver⸗

2236 1667 2321 1708 leren
2340 1667 2460 1708 durften.

1251 3168 1307 3199 Sie
1325 3167 1523 3201 unterſcheiden
1534 3166 1592 3204 ſich
1611 3166 1687 3197 beide
1704 3166 1734 3197 in
1753 3166 1842 3204 einem
1862 3165 2048 3204 weſentlichen
2065 3164 2184 3202 Punkte.

1176 3205 1244 3238 Das
1258 3199 1479 3242 Berlagsſyſtem
1500 3203 1566 3242 laͤßt
1578 3204 1621 3234 die
1633 3203 1797 3242 bisherigen
1815 3203 2032 3242 Arbeitsſtätten
2043 3204 2187 3242 ungenört

1175 3237 1391 3277 weiterbeſtehen
1403 3237 1468 3272 und
1487 3238 1609 3279 begnigt
1629 3240 1676 3279 ſich
1696 3238 1793 3279 damit,
1813 3241 1855 3279 in
1857 3239 2089 3279 kaufmaͤnniſcher
2099 3240 2187 3275 Weiſe

1171 3280 1224 3310 den
1244 3273 1351 3317 Abſatz
1364 3286 1399 3317 zu
1429 3274 1606 3317 organifiren,
1623 3274 1678 3317 die
1694 3277 1822 3317 fertigen
1842 3276 1981 3317 Produkte
2010 3275 2048 3308 an
2068 3277 2117 3313 ſich
2129 3285 2184 3317 zu

1172 3318 1265 3353 ziehen
1292 3312 1351 3347 und
1366 3312 1450 3346 einen
1464 3312 1603 3352 größeren
1621 3314 1729 3353 Markt
1733 3314 1837 3353 damit
1856 3322 1891 3351 zu
1907 3315 2064 3353 verſorgen,
2095 3315 2183 3346 deſien

1172 3348 1441 3391 Abſatzverhaͤliniſje
1459 3348 1509 3391 der
1525 3349 1699 3391 gewerbliche
1716 3352 1851 3391 Arbeuer
1861 3350 1932 3383 nicht
1952 3350 2029 3386 mehr
2032 3350 2082 3391 zu
2099 3353 2182 3391 uver⸗

1173 3385 1264 3426 ſehen
1282 3385 1433 3428 vermag.
1454 3386 1584 3428 Dadurch
1609 3389 1705 3426 geraͤth
1724 3397 1763 3428 er,
1792 3389 1863 3428 auch
1879 3396 1962 3419 wenn
1980 3397 2011 3428 er
2030 3387 2077 3419 der
2096 3389 2183 3427 Form

1174 3423 1242 3468 nach
1271 3423 1462 3468 felbſiſtaͤndig
1474 3427 1514 3463 iſt,
1544 3429 1573 3458 in
1593 3424 1691 3468 immer
1696 3427 1808 3468 tierere
1827 3427 2036 3468 Abhängigkeit
2047 3425 2112 3457 von
2123 3429 2185 3468 dem

1174 3462 1334 3502 Verleger,
1346 3462 1394 3496 der
1421 3462 1524 3503 zudem,
1554 3471 1636 3503 wenn
1646 3464 1714 3503 ſich
1723 3464 1787 3503 die
1804 3464 1900 3503 eriten
1930 3465 2080 3500 Anzeichen
2109 3465 2185 3496 einer

1173 3497 1388 3542 Abſahſtockung
1407 3497 1521 3542 zeigen,
1537 3503 1580 3533 die
1597 3498 1672 3542 Zahl
1694 3502 1779 3542 ſeiner
1799 3502 1933 3542 Arbeiter
1949 3499 2020 3542 ganz
2034 3502 2105 3542 nach
2126 3503 2185 3533 Be⸗

1172 3537 1263 3572 lieben
1292 3537 1465 3575 beſchräͤnken
1493 3540 1584 3578 kann,
1604 3540 1675 3575 ohne
1694 3541 1790 3578 irgend
1810 3540 1889 3578 einen
1909 3539 2052 3572 Nachtheil
2070 3547 2105 3577 zu
2124 3548 2181 3570 em⸗

1172 3578 1294 3614 pfiuden.
1327 3573 1398 3616 Aus
1418 3578 1504 3613 dieſen
1524 3574 1661 3616 Gruͤnden
1676 3574 1735 3616 iſt
1742 3578 1795 3616 das
1810 3577 2036 3616 Verlagsſyitem
2058 3575 2122 3607 oder
2130 3577 2184 3616 die

1171 3610 1399 3657 Hausinduſtrie
1427 3610 1467 3657 in
1471 3623 1623 3657 neuerer
1633 3611 1709 3657 Zeit
1728 3615 1779 3645 mit
1808 3613 1893 3652 Recht
1908 3612 1980 3646 viel
2013 3614 2182 3653 angegriffen

1171 3648 1284 3694 worden
1305 3648 1345 3694 und
1346 3653 1470 3694 ſtark
1468 3653 1499 3694 in
1518 3652 1630 3694 Verruf
1635 3649 1808 3694 gekommen.

1250 3691 1295 3723 Den
1298 3686 1427 3729 letzten
1447 3691 1555 3729 Schritt
1574 3692 1604 3721 in
1616 3687 1670 3721 der
1682 3690 1900 3729 Konzentration
1907 3690 1970 3729 des
1976 3689 2181 3729 Produktions⸗

1172 3729 1309 3768 prozeſſes
1330 3723 1392 3768 thuͤt
1412 3729 1442 3760 in
1461 3723 1600 3766 bewußter
1620 3729 1677 3759 und
1691 3724 1890 3768 entichloſſener
1902 3725 1997 3768 Weiſe
2003 3731 2055 3768 das
2068 3728 2181 3765 Fabrik⸗

1171 3758 1304 3806 ſyſtem.
1327 3758 1397 3805 Hier
1415 3758 1495 3798 wird
1524 3759 1571 3798 der
1600 3774 1685 3805 ganze
1713 3759 2005 3803 Produktionsprozetz
2034 3767 2066 3796 in
2071 3760 2181 3797 einem

2273 5138 2402 5176 Millli
2422 5153 2465 5175 war
2467 5144 2594 5181 laͤngſt
2622 5149 2680 5175 von
2697 5144 2759 5183 dem
2779 5143 2881 5183 Stuhl.
2901 5142 2962 5183 auk
2985 5143 3046 5174 dem
3065 5141 3101 5183 ſie
3106 5141 3164 5183 ein
3182 5146 3253 5183 paar

2242 5183 2421 5221 Angenblicke
2450 5177 2671 5221 niedergeſeſſen
2689 5182 2783 5221 hatte,
2810 5181 3038 5221 auigeſtanden.
3060 5180 3128 5221 Sie
3159 5180 3253 5221 wollte

2243 5216 2337 5259 gehen,
2369 5222 2406 5252 da
2438 5221 2474 5256 ſie
2507 5216 2685 5259 Elmenhorſt
2696 5217 2881 5259 keinesfolls
2902 5217 2997 5259 ſtören
3028 5218 3112 5259 laſien
3141 5220 3252 5259 mochte.

2242 5254 2311 5300 Dann
2314 5254 2399 5296 fiel
2418 5254 2463 5300 ihr
2482 5260 2535 5297 ein,
2555 5255 2632 5300 das
2630 5258 2720 5300 Weiß
2731 5267 2776 5300 am
2781 5258 2877 5300 Ende
2897 5255 2944 5300 aut
2947 5257 3035 5288 eine
3053 5256 3253 5294 Viertelſtunde

2243 5291 2404 5339 abkommen
2417 5291 2533 5339 könne,
2539 5305 2591 5339 um
2595 5291 2690 5339 Erich
2696 5292 2825 5329 berüber
2843 5303 2878 5339 zu
2897 5296 2991 5339 bitten.

2320 5337 2395 5367 Aber
2414 5335 2495 5371 Weiß
2510 5331 2619 5366 wollte
2648 5338 2746 5373 weder
2766 5340 2823 5364 von
2847 5332 2912 5373 dem
2915 5335 3010 5373 einen
3030 5333 3106 5373 noch
3115 5337 3171 5362 von
3173 5333 3252 5373 dem

2244 5375 2351 5407 andern
2369 5367 2520 5412 Vorſchlag
2540 5374 2649 5412 wiſjen.
2674 5372 2717 5404 Er
2736 5372 2811 5408 hatte
2830 5371 2984 5412 inzwiſchen
3004 5373 3070 5405 auch
3083 5370 3161 5412 einen
3173 5369 3252 5412 Plan

2243 5407 2439 5453 ausgeheckt,
2440 5407 2492 5443 den
2504 5407 2550 5453 er
2569 5411 2659 5453 Milli
2681 5412 2779 5453 gerade
2808 5410 2984 5453 umſtändlich
3013 5416 3046 5446 zu
3047 5409 3252 5453 unterbreiten

2242 5447 2362 5490 begaͤnn,
2381 5447 2430 5484 als
2449 5450 2575 5489 draußen
2595 5457 2632 5491 an
2627 5448 2710 5491 der
2717 5448 2831 5491 Klingel
2847 5456 2967 5491 gezogen
2985 5448 3087 5478 wurde.

2612 5481 2803 5527 (Fortſetzung
2817 5481 2932 5525 folat/

2238 2724 2490 2768 —Bekanntlich
2510 2735 2559 2771 hat
2579 2734 2621 2764 die
2639 2733 2729 2771 Stadt
2747 2731 2849 2771 Berlin
2868 2730 2958 2771 züngſt
2970 2729 3042 2771 die
3040 2728 3158 2771 Siemens
3161 2726 3241 2771 iche

2235 2765 2381 2807 elektriſche
2400 2765 2487 2808 Bahn
2508 2765 2665 2808 angekauft.
2703 2770 2807 2808 Dieſe
2809 2767 2933 2808 umkaht
2932 2767 3012 2808 eine
3020 2767 3146 2808 lüdliche
3164 2767 3242 2808 Linie

2234 2800 2472 2849 Bebrenſtraße·
2472 2800 2609 2849 Trepiom
2616 2801 2687 2849 und
2706 2809 2766 2849 eine
2764 2801 2917 2849 nordliche
2926 2803 3016 2849 Linie
3018 2802 3204 2849 Mutelſtraße
3206 2817 3242 2849 —

2234 2840 2381 2882 Vankomw.
2407 2840 2471 2877 Der
2488 2840 2644 2878 Maaiſtrat
2663 2843 2857 2883 beabſichtigte,
2883 2842 2949 2877 dieſe
2977 2842 3070 2883 beiden
3090 2842 3244 2883 ſtaͤdtiſchen

2237 2878 2478 2919 Straßenbahnen
2496 2885 2536 2914 im
2549 2882 2665 2914 Norden
2685 2885 2742 2912 und
2753 2879 2857 2912 Süden
2876 2887 2910 2917 zu
2929 2881 3129 2919 verbinden,
3149 2880 3244 2919 ebenſo

2236 2913 2292 2952 wie
2300 2913 2355 2952 die
2371 2921 2467 2957 Große
2487 2920 2692 2954 Straßenbahn
2720 2921 2770 2958 der
2789 2914 3056 2958 Privaigeſellichait
3079 2918 3138 2958 eine
3158 2915 3247 2958 ſolche

2236 2959 2418 2994 Verbindung
2438 2953 2515 2993 ſchon
2535 2953 2620 2995 beſitzt
2648 2965 2695 2987 am
2713 2954 2920 2995 Operuplatz.
2935 2955 2997 2995 Die
3027 2955 3243 2995 Genehmigung

2237 2990 2286 3033 zur
2305 2990 2517 3033 Ueberführung
2537 2996 2585 3026 der
2593 2991 2807 3033 Straßenbahn
2819 2991 2895 3024 über
2913 2993 2957 3033 die
2971 2992 3078 3033 Linden
3098 2992 3150 3024 foll
3163 2992 3240 3033 ſchon

2235 3025 2299 3065 dor
2310 3025 2402 3076 etwa
2411 3025 2509 3076 vier
2511 3025 2650 3076 Wochen
2660 3026 2708 3076 im
2727 3026 2878 3076 Kabinet
2886 3031 3042 3076 abgelebut
3052 3032 3167 3076 worden
3174 3029 3242 3076 iein.

2312 3071 2434 3111 Warum
2454 3072 2501 3111 hat
2521 3064 2603 3111 Herr
2608 3069 2750 3111 Kirſchner
2768 3069 2816 3098 der
2826 3065 3244 3111 Stadiberordnetenveriamm⸗

2236 3109 2307 3145 lung
2324 3101 2420 3140 davon
2439 3101 2505 3142 noch
2525 3101 2599 3138 keine
2617 3107 2808 3145 Muttheilung
2825 3104 2967 3145 gemacht?
3005 3104 3068 3135 Und
3075 3104 3134 3145 wie
3136 3103 3243 3145 ſtellt

2236 3136 2288 3186 ſich
2292 3136 2380 3186 Hert
2384 3136 2425 3177 v.
2441 3136 2562 3184 Thielen
2567 3136 2614 3183 zu
2626 3137 2716 3178 dieſer
2728 3137 2928 3181 Kaliſtellung
2933 3144 3012 3177 durch
3034 3144 3085 3173 das
3100 3139 3241 3173 Kabiuet?

1255 3926 1328 3969 „Jch
1347 3932 1438 3962 werde
1457 3931 1516 3963 alſo
1534 3931 1602 3963 noch
1621 3930 1651 3961 in
1671 3930 1753 3962 dieſer
1770 3930 1885 3969 Woche
1890 3929 1945 3961 Sie
1952 3929 2093 3969 draußen
2125 3929 2186 3961 anf⸗

1175 3963 1304 4008 zufuchen
1320 3963 1379 4008 mir
1398 3970 1538 4008 erlauben.
1587 3968 1729 4008 Vielleicht
1745 3964 1851 4008 haben
1866 3968 1925 4008 Sie
1949 3967 1999 4006 fich
2029 3971 2075 3999 bis
2104 3969 2189 4006 dahin

1174 4000 1252 4039 eines
1261 4000 1402 4048 Beſjeren
1417 4007 1573 4048 befonnen,
1578 4006 1728 4048 Fraͤulein
1739 4006 1953 4048 Grumbach.“

1232 4039 1327 4087 Jch
1325 4039 1451 4087 glaube
1457 4039 1643 4087 ſchwerlich.“
1672 4044 1746 4087 fagte
1764 4045 1853 4083 ſie,
1857 4045 1923 4075 aber
1946 4043 2102 4082 immerhin,
2131 4043 2188 4075 Sie

1175 4078 1296 4123 werden
1305 4078 1363 4113 die
1366 4082 1464 4123 Fahrt
1471 4078 1545 4123 nicht
1564 4079 1780 4123 berenen.

1254 4120 1300 4152 Es
1320 4115 1386 4150 war
1399 4120 1466 4158 zwei
1486 4120 1554 4156 Uhr,
1577 4121 1624 4151 als
1644 4120 1725 4152 Milli
1745 4120 1845 4151 wieder
1864 4120 1915 4158 auf
1934 4120 1976 4158 die
1996 4119 2104 4155 Straße
2122 4120 2188 4151 trat.

1176 4158 1250 4199 Drei
1270 4152 1413 4199 Stunden
1435 4160 1501 4199 noch
1521 4153 1567 4199 bis
1597 4166 1645 4197 zur
1664 4158 1781 4199 Abfahrt
1801 4159 1851 4199 des
1870 4157 1978 4195 Zuges!
2017 4158 2090 4199 Was
2100 4157 2189 4199 nun?

1176 4196 1235 4228 Um
1255 4197 1363 4227 weitere
1373 4194 1656 4235 Kunſtjammlungen
1668 4194 1865 4235 aufzufuchen,
1886 4199 1956 4233 dazu
1976 4204 2020 4226 war
2022 4196 2085 4235 ſie
2095 4197 2189 4235 inner⸗

1177 4235 1228 4266 lich
1248 4242 1283 4272 zu
1303 4230 1450 4265 ermüdet.
1473 4231 1629 4273 Einkäure?
1664 4231 1767 4273 Nein.
1784 4233 1841 4273 Sie
1857 4232 1954 4264 wollte
1973 4234 2025 4264 mit
2045 4234 2188 4265 Geldaus⸗

1179 4267 1266 4309 geben
1286 4272 1371 4303 lieber
1390 4280 1442 4310 gar
1461 4273 1532 4308 nicht
1551 4272 1602 4309 erſt
1623 4272 1771 4310 anfangen,
1791 4271 1907 4307 ſondern
1921 4274 1984 4310 was
2004 4273 2049 4302 ihr
2067 4277 2123 4302 von
2138 4274 2189 4302 den

1179 4305 1515 4348 dreibundertundſechzig
1528 4306 1616 4341 Mark
1634 4310 1714 4347 übrig
1713 4306 1815 4348 blieb,
1836 4309 1900 4348 fuͤr
1900 4311 1951 4340 den
1963 4309 2110 4348 Haushalt
2130 4315 2190 4339 ver⸗

1176 4349 1300 4387 wenden.
1336 4342 1435 4387 Einen
1454 4342 1618 4385 Augenblick
1636 4343 1726 4378 dachte
1744 4347 1793 4387 ſie
1799 4343 1843 4378 an
1851 4347 1940 4382 Erich.
1968 4344 2039 4387 Wenn
2042 4347 2115 4387 ſie
2135 4348 2189 4387 das

1177 4386 1253 4425 hätte
1273 4386 1455 4423 ermöglichen
1474 4382 1589 4425 können,
1610 4387 1660 4416 mit
1674 4387 1737 4425 ihm
1749 4385 1905 4425 zuſammen
1919 4393 1959 4425 zu
1967 4385 2103 4425 kommen!
2133 4384 2189 4415 Sie

1177 4424 1276 4454 konnte
1305 4420 1366 4460 ihm
1379 4425 1474 4462 einen
1493 4421 1678 4457 Dienſtmann
1708 4421 1840 4462 ſchicken,
1852 4424 1909 4462 ihm
1924 4422 1982 4453 ein
2002 4422 2188 4462 Rendezvous

1177 4456 1345 4496 beſtimmen.
1374 4461 1425 4493 Wer
1427 4462 1525 4498 weiß
1539 4463 1613 4498 aber,
1625 4463 1668 4500 ob
1681 4457 1735 4500 ihn
1736 4457 1788 4491 der
1801 4457 1986 4500 Dienſtmann
2001 4460 2066 4496 traf.
2099 4460 2189 4492 Dann

1179 4494 1294 4539 wartete
1314 4500 1364 4539 ſie
1368 4494 1521 4539 vergebens
1539 4495 1617 4539 und
1617 4495 1705 4539 Erich
1723 4499 1801 4539 batte
1819 4498 2078 4538 Ungelegenheiten,
2107 4504 2190 4529 wenn

1176 4537 1278 4577 Adele
1281 4531 1340 4577 von
1359 4538 1417 4577 der
1419 4531 1567 4577 Botſchaft
1587 4537 1671 4569 Wind
1690 4537 1795 4577 bekam.

1184 4568 1338 4613 Milli
1357 4568 1459 4612 wußte,
1478 4568 1521 4613 ſie
1533 4569 1594 4606 war
1614 4576 1667 4606 das
1685 4575 1762 4610 rothe
1781 4574 1858 4608 Tuch
1877 4574 1925 4606 fuͤr
1943 4574 1985 4613 die
1995 4573 2188 4613 Schwaͤgerin.

1175 4612 1241 4652 Jhr
1254 4613 1347 4644 Name
1349 4607 1462 4652 allein
1476 4607 1571 4652 reizte
1599 4613 1696 4652 Adele
1712 4608 1757 4643 bis
1786 4621 1837 4650 zur
1856 4609 2131 4652 Bewußtloſtakeit.
2136 4612 2190 4652 Er

1176 4646 1278 4690 durite
1289 4651 1327 4681 im
1338 4651 1431 4690 Hauſe
1449 4651 1528 4688 ſchon
1531 4647 1629 4688 lange
1640 4651 1719 4690 nicht
1737 4647 1816 4686 mehr
1827 4648 1956 4690 genannt
1960 4654 2077 4690 werden.
2108 4649 2190 4681 Alles

1175 4692 1239 4719 was
1242 4689 1347 4728 Halm
1345 4685 1442 4728 hieß
1453 4685 1533 4720 oder
1561 4686 1689 4728 geheißen
1697 4688 1792 4728 hatte,
1822 4686 1875 4720 mit
1903 4689 1989 4728 einem
2009 4689 2098 4728 Halm
2128 4694 2190 4728 ver⸗

1173 4723 1277 4765 wandt
1300 4728 1365 4758 oder
1384 4723 1579 4765 verſchwaͤgeri
1598 4724 1666 4762 war,
1694 4725 1752 4765 ſah
1770 4724 1801 4757 in
1830 4727 1875 4758 ihr
1905 4734 1944 4765 nur
1946 4727 2010 4756 die
2012 4725 2189 4765 ſittenloſe

1172 4764 1380 4809 Verbrecherin,
1407 4764 1460 4797 mit
1463 4759 1525 4797 der
1521 4760 1586 4797 die
1605 4760 1898 4804 alleroberflaͤchlichie
1916 4764 2091 4803 Beruͤhrung
2111 4764 2189 4802 ſchon

1172 4802 1350 4841 beſchmutzte.

1251 4837 1342 4879 Dann
1370 4840 1418 4879 fiel
1446 4840 1529 4873 Milli
1558 4839 1734 4876 Elmenhorſt
1756 4841 1810 4872 ein.
1850 4839 2054 4879 Elmenhorſt,
2056 4839 2110 4879 das
2130 4845 2189 4871 war

1174 4877 1231 4918 das
1249 4873 1383 4918 Richtige.
1416 4879 1482 4917 Jhn
1500 4879 1617 4911 erfreute
1635 4874 1674 4918 ſie
1689 4879 1788 4918 durch
1789 4879 1868 4918 ihren
1888 4878 2016 4918 Beſuch.
2029 4875 2072 4909 Er
2078 4877 2190 4918 konnte

1174 4917 1242 4951 nach
1262 4916 1344 4956 Erich
1345 4913 1481 4956 ſchicken,
1507 4918 1583 4956 ohne
1601 4917 1654 4954 daß
1667 4919 1706 4956 es
1726 4914 1833 4955 auffiel,
1853 4918 1911 4956 und
1930 4923 1991 4947 war
2003 4916 2057 4956 der
2076 4915 2190 4956 Bruder

1174 4956 1247 4997 nicht
1266 4950 1452 4997 aufzufinden,
1465 4950 1520 4992 ließ
1531 4951 1614 4997 fichs
1633 4951 1692 4997 mit
1704 4955 1765 4997 dem
1779 4951 1870 4992 alten,
1891 4955 1936 4993 ihr
1954 4954 2021 4993 noch
2041 4954 2139 4985 immer
2158 4954 2187 4993 ſo

1174 4988 1328 5032 ergebenen
1344 4988 1472 5032 Freunde
1491 4989 1562 5030 nicht
1580 4993 1644 5032 uͤbel
1663 4993 1808 5029 plaudern.

1252 5031 1336 5074 Milli
1346 5025 1449 5074 mupte
1467 5025 1592 5074 zweimal
1587 5025 1757 5074 klingeln,
1758 5032 1807 5069 ehe
1830 5030 1911 5071 Weiß
1934 5030 1983 5070 fich
2004 5029 2189 5069 ſchlürfenden

1174 5068 1317 5112 Schrittes
1336 5065 1420 5112 nahte
1433 5065 1496 5112 und
1513 5078 1548 5108 zu
1567 5066 1684 5112 öffnen
1679 5066 2164 5112 geruhte.

1222 5102 1309 5151 Qls
1333 5116 1376 5151 er
1377 5108 1462 5151 Mimi
1491 5103 1636 5148 gewahrte,
1666 5103 1777 5146 firahlte
1805 5115 1836 5140 er
1855 5108 1923 5140 über
1947 5107 2002 5139 das
2022 5115 2092 5147 ganze
2093 5107 2190 5146 alte,

1173 5146 1336 5185 verkniffene
1355 5143 1834 5185 Geſichttt.
2025 5145 2186 5185 ——*

1251 5177 1336 5223 „Nee,
1346 5177 1386 5226 ſo
1404 5177 1483 5226 was!
1505 5184 1604 5226 Unſer
1613 5183 1750 5226 Fräulein
1764 5184 1857 5226 Milli,
1879 5184 1981 5223 endlich
2002 5184 2062 5216 mal
2076 5183 2189 5216 wieder!

1173 5221 1241 5261 Nee,
1251 5217 1326 5263 was
1328 5217 1393 5263 der
1411 5223 1485 5263 Herr
1482 5222 1553 5263 ſich
1567 5218 1676 5263 freuen
1689 5222 1790 5263 wird!

1176 5254 1298 5302 UUnd
1298 5261 1417 5293 dabei
1419 5254 1582 5302 ſchütelte
1592 5262 1650 5302 und
1654 5255 1772 5302 drückte
1790 5261 1839 5293 der
1858 5261 1924 5302 Alte
1942 5261 2001 5301 ihre
2014 5260 2114 5301 Huͤnde
2133 5260 2191 5293 und

1175 5298 1263 5337 ſchien
1281 5299 1317 5332 ſie
1337 5307 1389 5337 gar
1409 5300 1481 5332 nicht
1500 5300 1598 5337 wieder
1618 5298 1750 5337 loslaſſen
1769 5307 1805 5337 zu
1825 5301 1937 5331 wollen.

1179 5333 1335 5378 Milli
1339 5333 1470 5378 machte
1498 5336 1546 5374 ſich
1553 5334 1713 5378 laͤchelnd
1729 5334 1786 5378 frei
1812 5341 1871 5378 und
1891 5338 1989 5378 fragte,
2015 5338 2051 5378 ob
2070 5337 2106 5378 ſie
2124 5337 2191 5378 auch

1170 5374 1347 5418 vorgelaſjen
1383 5371 1506 5407 werden
1523 5372 1629 5406 würde
1656 5372 1737 5407 oder
1757 5376 1794 5408 ob
1825 5376 1900 5415 Herr
1930 5373 2109 5416 Elmenhorſt
2147 5377 2192 5408 be⸗

1168 5410 1293 5450 ſchaͤftiat
1293 5410 1357 5450 ſei.

1249 5444 1299 5482 Sa
1300 5444 1431 5495 kratzte
1470 5451 1517 5483 der
1549 5450 1615 5483 Alle
1653 5450 1705 5483 mit
1742 5450 1884 5492 komiſcher
1914 5452 2109 5492 Verlegenheit
2139 5452 2192 5484 den

1169 5494 1276 5526 grauen
1295 5488 1380 5527 Kopf.

2306 3306 2379 3343 Es
2389 3298 2493 3343 ſceint
2518 3319 2552 3326 —
2579 3305 2619 3343 die
2644 3305 2740 3343 weitere
2756 3304 2928 3343 Feſnellung
2941 3305 2984 3343 der
3009 3302 3151 3343 wirllichen
3168 3301 3247 3331 Thal⸗

2270 3332 2358 3376 ſachen
2373 3332 2448 3376 bleibt
2465 3340 2626 3376 abzuwarten
2644 3351 2678 3358 —
2694 3338 2745 3376 dat
2759 3333 2798 3376 im
2816 3338 2887 3376 Folle
2902 3333 3061 3376 Kauffmann
3078 3335 3153 3376 zwei
3162 3342 3248 3376 gant

2270 3367 2476 3403 verichiedene
2499 3367 2667 3400 Behorden
2693 3368 2745 3406 ihre
2763 3368 2910 3406 VBorichiaͤge
2926 3373 2977 3406 der
2985 3370 3070 3397 Kroue
3088 3369 3248 3406 unterbreitet

2272 3399 2404 3442 haben..
2405 3424 2435 3442 .
2454 3406 2536 3433 Wenn
2563 3406 2633 3442 heute
2636 3410 2703 3442 der
2711 3400 2856 3442 Miniſter
2881 3400 2942 3442 des
2960 3402 3084 3442 Zunetn
3097 3404 3149 3442 mit,
3156 3403 3246 3442 einem

2273 3433 2312 3466 die
2341 3438 2506 3472 Beſtaͤtigung
2535 3433 2605 3465 eines
2633 3438 2871 3472 Zivitbeomten
2887 3436 3067 3472 betreffenden
3078 3435 3247 3472 Vorſchlage

2272 3473 2413 3504 geaenüver
2432 3467 2486 3499 dem
2492 3467 2653 3504 Vortrage
2648 3473 2694 3506 des
2712 3468 2989 3506 Mititärtabinets
3008 3469 3166 3506 unterliegen
3176 3469 3247 3506 mutz.

2272 3501 2355 3539 indem
2382 3507 2421 3532 die
2446 3502 2645 3535 militäriiche
2662 3505 2818 3537 Stellung
2846 3508 2906 3539 und
2932 3503 3184 3539 Bergangenyeit
3202 3504 3246 3530 des

2271 3538 2436 3577 betreffenden
2462 3533 2623 3577 Gewuͤhlten
2624 3546 2674 3577 zu
2694 3538 2774 3564 einem
2801 3533 3070 3577 ausfciaagebenoen
3071 3534 3178 3577 Moment
3181 3540 3246 3577 ge⸗

2271 3568 2354 3601 mach!
2368 3574 2440 3605 wird,
2465 3572 2492 3602 ſo
2509 3573 2571 3600 kann
2591 3569 2695 3604 daſſelbe
2707 3578 2810 3603 morgen
2830 3571 2924 3604 jedem
2936 3570 3085 3606 anderen
3091 3570 3248 3606 Reifort⸗

2270 3605 2410 3633 miniſter
2428 3601 2480 3632 und
2507 3606 2576 3636 ſelbſt
2603 3602 2658 3632 dem
2677 3602 2914 3637 Feichokanzler
2938 3604 3053 3635 paiſiren.
3088 3604 3182 3638 Würde
3200 3605 3248 3638 das

2270 3639 2357 3674 baͤufig
2376 3633 2536 3667 votkommen,
2539 3639 2590 3674 ſo
2607 3639 2703 3670 ſchlöſſe
2720 3640 2773 3674 dies
2791 3634 2869 3674 einen
2879 3637 3014 3669 Einftuß
3032 3639 3085 3674 des
3105 3637 3248 3674 Mitität-

2269 3669 2416 3699 kabinets
2431 3673 2499 3706 auf
2529 3669 2589 3706 die
2609 3673 2715 3699 innere
2744 3672 2953 3703 Berwaltunga
2953 3679 3037 3706 ein,
3064 3671 3090 3704 ſo
3112 3671 3171 3706 datz
3201 3671 3250 3706 alle

2273 3706 2397 3739 einzelnen
2425 3704 2637 3735 Reſſortminiſter
2662 3708 2708 3738 gut
2734 3707 2813 3733 daron
2840 3706 2902 3739 ihun
2921 3705 3032 3737 wurden,
3054 3706 3091 3731 bei
3109 3703 3179 3731 ibren
3198 3704 3249 3739 Be⸗

2270 3734 2411 3773 ſiaͤugungs
2414 3740 2494 3770 vorſc
2498 3740 2570 3772 laͤgen
2597 3740 2623 3773 in
2641 3735 2752 3773 Zukunft
2779 3741 2821 3765 der
2839 3738 2949 3768 Vorſicht
2967 3739 3052 3769 halber
3076 3744 3173 3773 zuvor
3198 3737 3247 3773 die

2270 3764 2425 3805 Meinung
2434 3764 2516 3800 des
2518 3764 2811 3800 Mititettavinete
2836 3765 2995 3804 einzuholen,
3024 3766 3097 3797 wenn
3124 3771 3156 3802 ſie
3181 3770 3247 3800 nicht

2240 4191 2384 4237 OwWer
2386 4196 2462 4237 iſt
2479 4196 2564 4237 denn
2561 4196 2636 4237 die
2644 4195 2758 4237 Dame,
2787 4195 2839 4234 auf
2857 4196 2900 4227 die
2919 4195 2974 4227 Sie
3001 4195 3082 4227 einen
3099 4195 3130 4233 ſo
3148 4194 3248 4233 furcht⸗

2238 4228 2329 4266 baren
2339 4234 2419 4273 Zorn
2440 4228 2537 4273 haben.
2558 4233 2709 4273 Weiß??«

2315 4265 2455 4309 „Bame!
2480 4265 2536 4306 Ach
2565 4272 2603 4307 ſo,
2624 4266 2670 4302 na
2699 4272 2739 4309 ja.
2786 4270 2835 4302 Das
2836 4271 2904 4306 iſt
2931 4270 2975 4302 die
2993 4270 3071 4309 Frau
3099 4276 3157 4301 von
3176 4270 3248 4302 nem

2240 4303 2459 4343 Rechisanwalt.
2506 4303 2605 4348 Trnde
2625 4304 2726 4340 Schack
2754 4309 2828 4348 beitzt
2857 4304 2928 4348 ſie.
2952 4309 2992 4340 Sie
2993 4305 3091 4344 laͤßt
3107 4309 3159 4348 ſich
3179 4311 3248 4348 aus⸗

2240 4349 2341 4388 hauen.
2353 4348 2419 4388 Das
2421 4347 2540 4388 beißt,
2560 4349 2614 4388 das
2634 4348 2732 4388 koͤnnte
2750 4347 2828 4388 ſchon
2833 4347 2942 4388 laͤngſt
2953 4347 3090 4388 geſcheben
3104 4346 3168 4388 ſein.
3198 4345 3247 4376 So

2239 4382 2323 4423 lange
2352 4386 2421 4423 haut
2451 4382 2536 4419 unier
2550 4385 2625 4423 Herr
2654 4385 2706 4420 faſt
2723 4385 2782 4424 nie.
2832 4383 2906 4424 Aber
2925 4385 2959 4424 ſie
2979 4385 3079 4424 kommt
3090 4384 3131 4424 ja
3151 4384 3250 4424 immer

2244 4419 2343 4454 wieder
2360 4419 2419 4455 und
2439 4424 2509 4454 kann
2530 4419 2601 4457 nicht
2615 4430 2706 4461 genug
2713 4422 2835 4461 kriegen,
2854 4423 2912 4461 und
2925 4422 3030 4461 immer
3031 4422 3136 4461 wieder
3150 4422 3251 4461 kommt

2242 4461 2277 4494 ſie
2297 4461 2376 4493 mit'n
2396 4469 2484 4491 neuen
2497 4456 2730 4499 Kleedagenſtück.
2763 4456 2837 4491 Aber
2856 4460 2913 4492 fort
2934 4459 2999 4495 muß
3020 4459 3080 4499 ſie;
3087 4460 3165 4494 heute
3177 4458 3247 4499 muß

2239 4499 2286 4540 ſie
2295 4500 2368 4540 fort.
2399 4499 2501 4537 Wiſſen
2518 4499 2604 4540 Sie.
2606 4494 2817 4540 Fraͤuleinchen,
2847 4499 2883 4529 da
2907 4505 2966 4529 war
2985 4495 3088 4536 neulich
3109 4499 3156 4529 der
3174 4497 3251 4535 Bro⸗

2240 4531 2320 4575 jeſjjor
2318 4537 2400 4577 hier
2420 4531 2457 4577 —
2459 4531 2558 4569 unſer
2576 4532 2832 4577 Proieſſor..

2242 4568 2284 4613 u
2314 4568 2397 4606 Milli
2426 4575 2511 4613 legte
2528 4569 2592 4613 dem
2594 4569 2685 4613 Alten
2694 4574 2746 4613 die
2756 4573 2841 4612 Hand
2861 4573 2910 4613 auf
2922 4576 2974 4613 den
2987 4573 3066 4605 Arm.
3099 4572 3250 4612 Aukgeregi

2240 4605 2336 4652 fragte
2336 4605 2399 4653 ſie:
2420 4605 2561 4653 „Erich?
2577 4612 2640 4653 Wie
2658 4612 2706 4653 ſah
2725 4621 2755 4653 er
2764 4606 2845 4653 aus.
2850 4612 2919 4653 Wein
2922 4611 2976 4653 ?

2264 4644 2394 4691 „Na,
2420 4644 2479 4684 nich
2509 4644 2588 4691 jrade
2598 4645 2762 4691 jroartig.
2801 4650 2902 4685 Wiſſen
2922 4650 2986 4691 Sie,
3015 4648 3158 4691 Fränlein,
3188 4647 3247 4691 Jbr

2240 4685 2354 4720 Bruder
2385 4689 2434 4727 hat
2464 4685 2531 4723 auch
2566 4686 2658 4727 keine
2669 4686 2812 4727 Memung
2847 4694 2904 4727 von
2937 4688 2985 4727 der
3014 4688 3049 4717 da
3072 4687 3152 4727 drin.
3202 4687 3250 4727 So

2241 4729 2304 4756 was
2335 4726 2410 4761 läuft
2442 4734 2483 4757 nu
2515 4734 2580 4757 rum
2612 4734 2651 4757 und
2652 4726 2747 4764 jilt
2778 4723 2826 4763 fuͤr
2857 4725 2901 4764 ine
2916 4725 3041 4764 ehrbare
3069 4724 3149 4764 Frau
3192 4726 3250 4764 und

2241 4765 2343 4796 kommt
2372 4758 2480 4795 überall
2508 4764 2558 4802 hin
2587 4764 2646 4795 und
2675 4759 2746 4795 wird
2774 4759 2826 4794 mit
2848 4760 2955 4802 Gethu
2977 4763 3034 4793 und
3064 4760 3159 4802 Getha
3189 4762 3253 4802 auf⸗

2241 4810 2405 4840 genommen
2425 4819 2462 4825 —
2482 4797 2541 4833 und
2560 4809 2606 4833 was
2608 4802 2686 4840 iſt
2715 4801 2872 4840 dabinter?
2879 4816 2917 4823 —
2935 4800 3085 4840 jarnichts!
3125 4800 3155 4831 So
3157 4800 3253 4840 eine

2241 4834 2350 4872 iteibi's
2369 4841 2451 4872 toller
2469 4841 2517 4871 als
2539 4835 2680 4879 manches
2689 4848 2765 4879 arme
2778 4836 2947 4875 Mädchen.
2948 4840 3008 4869 dem
3019 4838 3086 4876 Jott
3095 4837 3174 4879 weiß
3189 4839 3251 4879 was

2242 4878 2396 4916 nachjeſagt
2416 4880 2495 4914 wird,
2524 4881 2583 4909 und
2603 4878 2682 4910 dabei
2711 4878 2774 4916 janz
2795 4878 2909 4916 bequem
2909 4879 2986 4916 und
3006 4876 3150 4912 nebenher,
3180 4877 3253 4916 obne

2241 4911 2304 4952 daß
2311 4911 2383 4953 ihr
2402 4920 2465 4947 was
2487 4911 2594 4951 paſſirt.
2644 4916 2699 4947 Sie
2711 4912 2777 4951 hat
2799 4912 2883 4954 ia'n
2901 4915 3007 4952 Mann,
3026 4917 3084 4945 und
3103 4921 3185 4945 wenn
3205 4914 3254 4954 der

2242 4948 2321 4986 Mann
2322 4948 2437 4991 ſich's
2458 4948 2577 4993 gefallen
2605 4953 2688 4993 laͤtzt,
2704 4949 2767 4984 wen
2796 4949 2899 4993 jeht's
2902 4954 2980 4993 denn
2999 4950 3076 4993 noch
3103 4955 3172 4993 was
3186 4950 3255 4993 and

2242 4993 2303 5025 Der
2333 4988 2385 5028 ſoll
2401 4988 2550 5030 übrigens
2584 4994 2649 5030 voch
2667 4989 2725 5022 'ne
2755 4989 2857 5030 putzige
2884 4991 2975 5022 Kruke
3005 4990 3094 5030 ſein,
3102 4990 3164 5030 der
3177 4990 3253 5030 Herr

2241 5024 2496 5067 Rechtoͤanwalt.
2500 5030 2556 5062 Die
2568 5025 2764 5069 Tugendroſe
2792 5025 2873 5069 häͤite
2897 5030 2959 5069 ihm
2983 5029 3027 5069 die
3056 5027 3110 5069 olle
3129 5026 3253 5065 Jiabelle

2243 5063 2310 5112 ooch
2315 5070 2386 5112 nich
2403 5069 2519 5112 jejeben.
2564 5067 2641 5101 Aber
2637 5064 2720 5100 nun
2740 5067 2772 5106 iſt
2790 5064 2834 5099 die
2852 5067 3032 5107 Hauptjache,
3062 5066 3114 5098 wie
3144 5069 3251 5097 werden

2241 5110 2295 5139 wir
2299 5101 2349 5140 ſie
2367 5101 2449 5138 los?⸗

1251 2932 1309 2963 Als
1339 2933 1406 2963 aber
1434 2933 1476 2962 die
1495 2929 1761 2969 Volkswirthichaft
1778 2933 1835 2962 aus
1863 2930 1924 2962 dem
1947 2938 2035 2969 engen
2055 2929 2187 2962 Rabmen

1180 2970 1229 3002 der
1248 2970 1350 3001 Stadt⸗
1368 2972 1426 3000 und
1445 2964 1777 3008 Territorialwirthſchaft
1796 2971 1840 3008 in
1846 2969 1922 3008 eine
1924 2965 2070 3008 natwnale
2076 2969 2187 3008 Volls⸗

1174 3007 1342 3045 wirthſchaft
1360 3008 1506 3044 überging,
1526 3007 1644 3038 bildeten
1664 3006 1719 3045 ſich
1733 3014 1802 3037 neue
1814 3006 2061 3045 Betriebsiyſteme
2072 3006 2184 3045 heraus,

1172 3047 1216 3077 die
1234 3039 1326 3077 durch
1335 3046 1378 3076 die
1397 3039 1607 3083 Erleichterung
1621 3045 1676 3083 des
1696 3044 1834 3083 Verkebrs
1853 3045 1913 3083 eine
1931 3041 2063 3082 mächtige
2079 3041 2182 3083 Förde⸗

1172 3091 1247 3121 rung
1266 3084 1406 3115 eriuhren.
1443 3077 1511 3121 Das
1529 3078 1606 3121 eine
1617 3081 1651 3117 iſt
1669 3083 1723 3113 das
1742 3082 1963 3121 Berlagsſtem
1984 3079 2049 3121 oder
2077 3082 2121 3113 die
2139 3081 2181 3120 fo⸗

1174 3109 1327 3161 genannic
1330 3109 1574 3159 Bausinduñrie-
1575 3109 1636 3151 das
1641 3110 1767 3151 andere
1770 3110 1829 3150 der
1835 3110 2049 3158 Fabrikbetrieb

2309 1701 2391 1744 Man
2396 1701 2459 1746 hal
2477 1711 2525 1745 ſich
2541 1709 2587 1749 die
2609 1709 2670 1749 bier
2689 1708 2727 1749 in
2747 1708 2842 1745 kurzen
2852 1706 2957 1749 Zuͤgen
2986 1705 3167 1749 geichilderte
3167 1704 3240 1749 Ent⸗

2237 1750 2381 1785 wickelung
2401 1743 2462 1780 nun
2480 1743 2734 1785 ſelbſtverſtäͤndlich
2762 1744 2832 1776 nicht
2851 1745 2879 1785 ſo
2898 1753 2932 1785 zu
2940 1745 3058 1785 denken,
3077 1745 3141 1785 daß
3161 1745 3240 1778 durch

2237 1779 2295 1820 das
2311 1779 2459 1821 Aufireten
2475 1779 2550 1818 einer
2570 1780 2659 1817 neuen
2679 1780 2889 1823 Betriebsweile
2901 1780 2993 1823 ſoiort
3012 1783 3054 1823 die
3073 1782 3158 1823 ältere
3177 1787 3241 1823 zum

2237 1817 2454 1859 Verſchwinden
2464 1824 2590 1861 gebracht
2609 1824 2711 1854 würde.
2741 1822 2807 1861 Das
2827 1821 2953 1861 geichieht
2964 1819 3055 1861 ebenſo
3070 1819 3168 1861 weuia,
3189 1819 3241 1861 wie

2237 1856 2308 1895 etwa
2311 1856 2408 1898 durch
2428 1856 2481 1893 die
2489 1862 2648 1899 Erfiudung
2659 1863 2716 1899 der
2734 1857 2896 1899 elektriſchen
2916 1858 3038 1899 Bahnen
3058 1858 3099 1886 die
3119 1858 3240 1899 Damyi⸗

2236 1894 2355 1937 bahnen,
2372 1894 2467 1933 durch
2497 1894 2565 1934 dieſe
2593 1895 2649 1937 die
2655 1898 2757 1937 Poſten
2787 1900 2844 1927 und
2872 1896 3033 1937 Laſtwagen
3060 1901 3102 1937 ꝛc.
3122 1896 3242 1937 beſeitigt

2240 1932 2353 1971 worden
2370 1938 2436 1971 find.
2475 1932 2550 1968 Aber
2569 1936 2675 1975 gewiſſe
2693 1936 2930 1975 Veraͤnderungen
2953 1934 3018 1975 ſind
3037 1934 3171 1975 natürlich
3191 1934 3242 1961 mu

2236 1969 2298 2018 dem
2305 1969 2463 2012 Auftreien
2482 1978 2565 2018 eines
2571 1969 2668 2018 neuen
2687 1974 2932 2012 Betriebsiyiiens
2951 1972 2981 2003 in
3000 1972 3051 2002 den
3071 1971 3164 2006 bisher
3178 1975 3242 1999 vor⸗

2236 2006 2385 2052 handenen
2394 2006 2616 2048 unvermeidlich.

1073 4003 1124 4038 (15

199 4042 254 4082 Jch
273 4043 352 4084 habe,
372 4043 419 4084 ſeit
429 4044 484 4076 Sie
495 4044 584 4077 meine
601 4045 676 4084 lezte
690 4043 797 4084 Studie
815 4041 917 4084 ſahen,
928 4040 1019 4074 nichts
1031 4031 1124 4084 eruͤit.

103 4078 198 4120 baftes
207 4078 305 4117 mehr
335 4078 495 4120 gearbeitet,
525 4079 646 4114 dennoch
679 4083 783 4115 möchte
814 4082 854 4120 ich
878 4081 933 4112 Sie
957 4087 1006 4120 um
1012 4080 1124 4120 Jhren

103 4119 209 4162 Befuch
229 4114 351 4162 bitten.
364 4119 441 4162 Erck
450 4115 499 4153 hat
514 4121 578 4162 eine
597 4120 708 4159 Menge
729 4122 811 4159 guter
825 4119 937 4156 Sachen
955 4116 1122 4157 fertig...

179 4157 223 4190 Er
241 4157 403 4194 unterbrach
423 4157 459 4193 ſie
477 4157 560 4193 raſch.

180 4188 261 4233 „Wir
280 4203 373 4226 waren
393 4188 435 4226 bei
455 4188 563 4233 Jhnen,
594 4194 731 4233 Fräulein
752 4193 929 4233 Grumbach!
967 4193 1036 4233 Von
1061 4193 1124 4233 dem

102 4227 193 4270 Kopf
198 4234 301 4272 wollen
321 4233 376 4264 Sie
406 4228 459 4269 ſich
461 4228 560 4272 nicht
577 4228 711 4272 trennen,
733 4239 786 4272 wie
805 4235 837 4272 es
838 4232 978 4272 ſcheint.
997 4231 1122 4272 Studien

102 4266 287 4310 auszuſtellen
318 4273 375 4310 und
404 4266 439 4309 zu
446 4267 616 4310 verkaufen
652 4270 782 4310 erſcheint
807 4269 911 4310 Jhrem
939 4268 1060 4310 Ehrgeiz
1089 4275 1122 4307 zu

101 4305 303 4346 unbedentend.
321 4305 420 4346 Neues
441 4310 530 4340 haben
550 4309 606 4341 Sie
626 4310 698 4342 nicht
709 4306 895 4346 geſchaffen.
916 4328 924 4337 .
944 4306 1016 4338 .«

180 4344 263 4387 Milli
268 4340 395 4387 bejahte
410 4349 462 4376 mit
482 4340 682 4387 dreimaligem
691 4340 953 4387 Kopfnicken...

182 4382 229 4420 „So
231 4380 352 4412 bleibt
360 4383 439 4421 eben
460 4390 516 4414 nur
543 4385 589 4414 ein
608 4380 747 4420 Viertes,
760 4381 817 4414 wir
836 4382 1015 4414 vereinbaren
1035 4383 1125 4413 etwas

104 4415 298 4459 Beſtimmtes,
318 4419 369 4459 auf
387 4421 440 4459 das
461 4422 515 4451 wir
533 4424 591 4459 uns
611 4423 665 4451 das
679 4416 766 4455 Recht
786 4422 867 4457 durch
887 4422 947 4459 eine
956 4421 1125 4459 Anzahlung

106 4457 241 4497 erkaufen.
281 4453 393 4497 Anders
413 4458 531 4494 ſcheinen
552 4458 605 4489 wir
624 4458 654 4496 ja
674 4460 739 4491 doch
745 4454 831 4491 nicht
849 4455 906 4497 mit
924 4458 1002 4497 Jhnen
1004 4455 1124 4497 fertig

104 4502 141 4533 zu
160 4495 297 4533 werden,«
319 4495 396 4533 fügte
415 4492 444 4526 er
464 4493 678 4533 liebenswurdig
699 4497 824 4527 lächelnd
842 4493 936 4533 hinzu.

182 4532 238 4564 Sie
258 4529 334 4573 hatte
342 4529 439 4573 nicht
444 4534 508 4573 das
518 4534 599 4573 Herz,
629 4530 856 4573 gleichNein«
870 4530 905 4573 zu
923 4534 1015 4573 ſagen.
1054 4533 1125 4566 Ver⸗

105 4570 206 4611 dienen
216 4570 321 4611 mußte
340 4571 385 4611 ſie.
417 4571 473 4604 Die
483 4569 670 4611 Verbindnng
689 4569 744 4611 mit
750 4570 943 4611 Werbenhelm
955 4570 1002 4602 war
1004 4573 1124 4610 gelöſt.

103 4608 276 4649 Vielleicht
276 4616 339 4649 war
340 4606 420 4649 dies
434 4613 540 4649 etwas.
564 4613 634 4649 was
654 4607 690 4647 ſie
712 4609 898 4647 übernehmen
917 4608 1043 4647 konnte,
1055 4611 1125 4648 ohne

103 4641 244 4689 lfuͤrchten
245 4654 292 4689 zu
300 4646 412 4689 miijen,
433 4647 496 4689 daß
508 4642 539 4679 es
555 4648 653 4689 Franz
658 4642 800 4689 verletzte.

201 4682 257 4723 Jch
286 4685 376 4715 dachte
404 4682 445 4717 an
472 4682 535 4717 eine
554 4682 652 4718 Reihe
663 4692 720 4717 von
741 4683 965 4723 Stindienköpfen
981 4684 1033 4723 mit
1052 4685 1123 4723 ſym⸗

104 4717 291 4765 boliſtuchem
308 4722 440 4765 Beiwerk
471 4726 536 4765 oder
565 4724 649 4763 beſſer
677 4724 754 4763 noch,
785 4725 865 4762 durch
890 4723 938 4761 ſich
958 4722 1034 4761 jelbſt
1051 4719 1124 4761 ſym⸗

104 4757 235 4800 boliſtiſch
254 4760 486 4800 wirkend...*

180 4789 241 4840 Der
259 4789 353 4840 junge
359 4789 461 4840 Mann
459 4789 529 4840 ſah
548 4798 584 4836 ſie
602 4800 720 4839 fragend
734 4807 787 4840 an.

185 4832 276 4876 Einen
290 4832 455 4876 Augenblick
463 4832 533 4876 flog
551 4832 645 4870 etwas
652 4833 718 4870 wie
731 4838 933 4876 Befriedigung
953 4837 1010 4870 und
1029 4837 1124 4869 innere

105 4871 319 4914 Geungtnnung
349 4871 416 4914 über
423 4872 493 4914 ihr
518 4872 638 4914 Geſicht.
676 4876 767 4909 Dann
781 4872 978 4909 veränderten
998 4876 1047 4914 ſich
1066 4877 1125 4914 ihre

103 4909 183 4946 Züge
200 4909 328 4950 Mötzlich,
339 4909 404 4950 und
423 4909 487 4950 hart
506 4915 564 4945 und
570 4910 672 4950 haſtig
691 4914 768 4950 ſagte
787 4914 838 4949 ſie:

114 4945 291 4990 Nein,
293 4946 389 4990 laſſen
408 4953 462 4978 wir
481 4949 544 4990 das.
591 4946 650 4990 Jch
657 4946 755 4990 tauge
775 4947 848 4985 nicht
877 4960 913 4990 zu
932 4951 1035 4990 großen
1055 4952 1125 4987 Auf⸗

106 4985 226 5027 gaben.“
280 4985 346 5015 Und
357 4985 453 5027 dann
484 4986 534 5022 ſich
563 4996 597 5024 zu
602 4986 719 5027 einem
724 4986 855 5027 Lächeln
878 4987 1039 5027 zwingend,
1071 4994 1125 5022 das

106 5021 225 5065 wirklich
256 5029 334 5065 ganz
357 5022 442 5065 heiter
470 5029 546 5065 war
559 5022 617 5056 urd
625 5022 756 5065 nichts
767 5023 825 5060 von
845 5023 989 5061 Buͤterkeit
1018 5023 1037 5060 an
1037 5029 1124 5065 ſich

105 5060 196 5103 hatte:
255 5060 393 5103 „Laſſen
401 5061 456 5103 Sie
488 5061 554 5097 mich
588 5063 671 5103 ruhig
698 5061 748 5098 bei
782 5069 892 5099 meinen
924 5062 1125 5103 Annichtspoſt⸗

105 5097 199 5141 karten
223 5102 287 5141 und
289 5097 491 5141 dergleichen
513 5098 701 5141 angenehnien
731 5104 848 5141 Dingen
886 5099 979 5140 mehr.
1009 5099 1124 5137 Wenn

105 5136 163 5177 Stie
164 5136 259 5177 mich
269 5136 377 5177 dafür
382 5137 535 5177 brauchen
553 5137 672 5177 können
701 5155 738 5163 —
767 5138 825 5174 von
854 5138 1047 5177 Werbenhelm
1077 5144 1125 5175 bin

103 5171 153 5215 ich
163 5171 251 5215 frei.
268 5172 348 5215 Vor
353 5174 446 5215 Allem
460 5177 529 5207 thun
544 5176 598 5208 Sie
612 5177 665 5208 mir
682 5185 721 5208 und
723 5179 807 5211 ſich
821 5173 898 5212 ſelbnt
911 5173 970 5213 den
977 5173 1122 5215 Gefallen

104 5210 163 5240 und
183 5210 298 5255 koumen
299 5211 375 5242 Sie
382 5213 499 5255 heraus
519 5216 579 5255 und
582 5214 675 5255 ſehen
677 5216 725 5255 Sie
727 5216 799 5251 ſich
811 5217 904 5250 Erck's
915 5212 1025 5254 Sachen
1037 5212 1119 5250 an.⸗

186 5249 240 5292 Sie
261 5255 322 5292 war
342 5250 545 5292 aufgeſtanden.
566 5253 654 5284 Beide
673 5254 796 5291 ſchlugen
816 5257 866 5285 den
888 5250 1022 5292 Rückweg
1042 5257 1122 5292 durch

106 5287 195 5332 einen
206 5287 348 5332 ſchmalen,
366 5287 420 5332 mit
439 5289 633 5332 Kunſtwerken
654 5288 849 5330 vollgeſtellten
863 5293 951 5332 Gang
970 5289 1030 5326 dem
1045 5289 1122 5327 Aus⸗

107 5328 209 5366 gange
215 5330 249 5361 zu
265 5332 324 5366 ein.
364 5326 534 5366 Geiprochen
555 5330 650 5359 wurde
669 5327 753 5362 nicht
759 5332 834 5366 mehr
853 5332 917 5362 viel.

180 5362 243 5413 Der
250 5362 347 5410 junge
366 5364 453 5396 Mann
454 5372 528 5397 war
531 5367 790 5406 augenſchemlich
809 5363 967 5405 verſtimmt.
987 5369 1120 5408 Dennoch

171 5411 239 5452 Nen
250 5407 481 5452 eintretende
490 5416 692 5452 üvonnenten
730 5421 865 5450 ernaiten
904 5421 961 5449 den
1000 5421 1115 5450 bereits

98 5447 310 5492 erſmenenen
320 5448 397 5482 Thei
399 5450 518 5485 dieſes
532 5451 675 5483 dtmans
675 5448 747 5486 auf
753 5448 888 5489 Lununſch
906 5449 1114 5490 unentgeltiich

98 5484 320 5516 Uuchgeliefert.

1172 1381 1215 1411 die
1239 1380 1327 1417 Form
1356 1379 1406 1409 des
1435 1376 1610 1417 bauerlichen
1625 1374 1858 1417 Kleingewerbes
1867 1374 2085 1417 anzunehmen,
2114 1373 2184 1406 kann

1172 1408 1239 1450 aber
1241 1408 1325 1456 auch
1345 1408 1445 1456 andere
1458 1409 1764 1456 Entwickelungswege
1782 1409 1958 1456 einſchlagen.

1174 1448 1209 1485 s
1230 1448 1275 1491 Jn
1276 1448 1442 1491 letzterem
1456 1452 1536 1490 Falle
1554 1449 1679 1491 kommen
1681 1449 1751 1491 wir
1768 1458 1804 1491 zu
1824 1452 1871 1491 der
1883 1450 2185 1491 Entwickelungeſtufe,

1173 1493 1216 1525 die
1244 1486 1388 1529 Profeifor
1416 1486 1525 1523 Bucher
1545 1491 1604 1529 als
1621 1488 1807 1529 „Lohnwerk“
1828 1490 1971 1529 bezeichnet
1990 1489 2048 1529 und
2067 1488 2114 1529 die
2128 1490 2184 1519 aus

1173 1524 1351 1567 Roſegger's
1371 1530 1520 1567 Schriften
1541 1525 1662 1567 ſattſam
1680 1526 1798 1567 bekannt
1824 1526 1873 1567 iſt,
1891 1528 1938 1567 der
1956 1526 2123 1567 anſchaulich
2143 1534 2185 1567 er⸗

1173 1562 1285 1605 zählt-
1286 1570 1337 1599 wie
1364 1576 1395 1599 er
1419 1562 1471 1598 als
1501 1565 1769 1605 Schmeiderlehrbub
1787 1565 1845 1605 mit
1864 1565 1961 1605 ſeinem
1979 1564 2096 1605 Meiſter
2109 1564 2186 1605 „auf

1173 1600 1222 1638 die
1244 1600 1341 1638 Stör
1371 1613 1513 1643 gegangen
1542 1604 1583 1640 iſt,
1605 1603 1639 1643 d.
1660 1603 1686 1640 h.
1707 1603 1757 1643 wie
1785 1602 1835 1643 fich
1865 1604 1938 1643 beide
1967 1604 2022 1643 in
2028 1603 2081 1633 das
2091 1602 2186 1643 Haus

1172 1646 1246 1676 ihrer
1260 1638 1387 1677 Kunden
1395 1638 1516 1679 beaaben
1530 1639 1590 1681 und
1603 1641 1668 1672 dort
1681 1641 1812 1681 wuͤhrend
1823 1642 1874 1681 der
1889 1641 1987 1681 Dauer
2001 1640 2075 1677 ihrer
2089 1640 2187 1681 Arbeit

1172 1683 1326 1719 Wohnung
1345 1689 1384 1713 und
1386 1676 1480 1715 Koſt
1478 1679 1645 1718 erhielten,
1665 1686 1716 1719 um
1733 1679 1799 1716 nach
1817 1679 2002 1719 Beendigung
2024 1681 2071 1719 der
2089 1678 2187 1719 Arbeit

1172 1713 1207 1757 zu
1216 1713 1326 1752 einem
1335 1721 1439 1750 andern
1452 1713 1572 1750 Kunden
1591 1725 1635 1757 zu
1637 1714 1794 1757 wandern.
1812 1717 1868 1757 Die
1876 1715 2131 1757 Hausſchueiderei,
2129 1716 2186 1757 die

1172 1752 1205 1795 ja
1218 1761 1285 1790 auch
1300 1759 1379 1795 heute
1392 1758 1459 1794 noch
1472 1758 1502 1788 in
1515 1753 1605 1795 vielen
1617 1754 1757 1795 Familien
1771 1756 1820 1795 des
1833 1755 2042 1795 Mittelſtandes
2056 1760 2113 1785 von
2125 1754 2187 1795 Zeit

1174 1790 1210 1832 zu
1232 1797 1295 1832 Zeit
1307 1790 1454 1832 erſcheint,
1471 1796 1542 1825 kann
1562 1791 1703 1832 ebenfalls
1713 1794 1760 1832 als
1774 1792 1944 1825 Vertreterin
1964 1793 2048 1832 dieſer
2065 1793 2186 1832 gewerb⸗

1172 1826 1267 1867 lichen
1282 1826 1448 1870 Thaͤtigkeit
1457 1827 1637 1871 erſcheinen,
1644 1830 1836 1871 insbeſondere
1864 1838 1924 1862 wenn
1926 1830 2000 1867 ſie
2021 1830 2184 1871 gleichzeitig

1172 1874 1212 1904 im
1231 1872 1326 1908 Haufe
1344 1866 1526 1907 übernachtet,
1555 1872 1632 1908 was
1648 1868 1678 1907 ja
1712 1868 1762 1908 auf
1791 1869 1854 1908 dem
1871 1870 1962 1908 Lande
1981 1870 2048 1908 noch
2062 1868 2184 1908 vieljach

1176 1902 1341 1941 vorkommt.
1394 1902 1475 1946 Eine
1494 1903 1587 1946 zweite
1616 1903 1710 1946 Förm
1733 1906 1785 1946 des
1801 1906 1970 1943 Lohnwerks
1979 1906 2032 1946 iſt
2056 1906 2120 1946 die,
2139 1906 2184 1946 bei

1179 1948 1294 1982 welcher
1323 1948 1375 1977 das
1396 1941 1578 1981 Rohprodukt
1600 1942 1669 1984 zur
1684 1943 1890 1984 Verarbeitung
1903 1946 1948 1984 in
1977 1943 2020 1984 die
2040 1943 2185 1976 Betriebs⸗

1178 1979 1259 2024 ſtätte
1277 1985 1328 2016 des
1347 1979 1543 2024 Lohnwerkers
1563 1980 1693 2024 gebracht
1709 1982 1787 2018 wird,
1807 1990 1830 2019 z.
1844 1981 1889 2024 B.
1896 1983 1955 2024 das
1974 1982 2104 2024 Getreide
2121 1988 2185 2024 zum

1171 2023 1292 2059 Müller,
1323 2023 1370 2054 der
1387 2018 1500 2055 Kuchen
1529 2019 1578 2059 der
1595 2020 1746 2059 Hausfrau
1774 2028 1839 2059 zum
1861 2020 2003 2059 Bäcker.
2019 2020 2045 2059 Jm
2047 2020 2185 2059 erſten

1172 2053 1291 2097 Falle,
1295 2060 1321 2091 d.
1342 2061 1368 2096 h.
1398 2053 1459 2091 bei
1469 2061 1516 2090 der
1540 2054 1638 2097 Stör,
1654 2057 1686 2092 iſt
1707 2059 1776 2097 der
1777 2054 1962 2097 Lohnwerker
1992 2055 2121 2097 lediglich
2146 2057 2186 2097 im

1174 2092 1275 2136 Beſitze
1295 2092 1374 2137 einer
1378 2098 1549 2137 beiſondern
1552 2095 1912 2137 Arbeitsgeichicklichkeit,
1912 2097 1961 2137 im
1970 2096 2084 2137 zweiten
2102 2094 2184 2137 Falle

1174 2131 1276 2168 kommt
1296 2137 1342 2167 der
1361 2135 1446 2174 Beſitz
1466 2142 1521 2174 von
1528 2132 1785 2174 Arbeitsgerathen
1805 2135 1883 2174 dazn,
1903 2134 2094 2174 insbeſondere
2114 2133 2184 2169 nichi

1173 2166 1415 2215 transnortabler
1414 2166 1467 2204 wie
1484 2173 1618 2215 Mühlen,
1630 2167 1784 2215 Backoien,
1792 2167 1961 2215 Fenereſſen
1962 2179 2010 2215 u.
2023 2171 2051 2215 i.
2072 2178 2114 2215 w.

1174 2203 1294 2252 Den
1296 2203 1431 2252 beiden
1446 2203 1615 2252 erwahnten
1629 2204 1736 2252 Fälien
1756 2204 1824 2252 des
1825 2205 1999 2252 Lohnwerks
2022 2208 2054 2246 iſt
2083 2211 2115 2252 es
2131 2216 2187 2252 ge⸗

1172 2242 1316 2286 meinfam,
1337 2242 1392 2286 daß
1411 2249 1442 2280 in
1460 2250 1544 2286 ihnen
1562 2248 1611 2278 der
1629 2243 1833 2286 Auftraggeber
1856 2244 2039 2286 gleichzeitig
2038 2248 2112 2286 auch
2131 2244 2186 2277 das

1173 2281 1210 2324 zu
1229 2281 1434 2319 verarbeitende
1454 2285 1593 2324 Material
1597 2282 1746 2324 liefert.
1749 2284 1816 2316 Das
1841 2283 1889 2317 hat
1902 2283 2079 2324 mancherlei
2084 2284 2183 2324 Unbe⸗

1173 2319 1393 2362 gnemlichkeiten
1413 2324 1461 2362 für
1480 2325 1530 2354 den
1551 2323 1687 2362 Arbeiter,
1711 2324 1875 2362 mancherlei
1893 2323 2037 2362 Geiahren
2068 2321 2115 2362 für
2117 2324 2185 2362 den

1175 2357 1311 2398 Beſteller
1339 2370 1388 2399 zur
1417 2358 1715 2399 Begleiterſcheinung.
1760 2359 1818 2399 Die
1834 2361 1954 2399 weitere
1976 2360 2186 2399 Entwickelung

1173 2393 1242 2438 ging
1262 2393 1352 2432 darum
1352 2400 1412 2430 in
1431 2393 1481 2430 der
1496 2399 1583 2433 Weiſe
1589 2394 1655 2429 vor
1674 2394 1754 2438 ſich,
1758 2397 1812 2432 daß
1832 2398 1879 2429 der
1897 2398 2037 2438 Arbeiter
2044 2398 2110 2434 auch
2129 2395 2183 2438 das

1172 2433 1315 2470 Maierial
1345 2438 1480 2475 beſorgte,
1516 2438 1570 2468 das
1604 2444 1635 2466 er
1642 2436 1885 2475 verarbeitete.
1896 2436 1945 2468 So
1974 2435 2106 2475 entſtand
2136 2437 2185 2465 als

1174 2469 1218 2507 die
1247 2477 1328 2507 dritte
1355 2469 1445 2510 Stuſe
1470 2469 1521 2513 der
1548 2473 1741 2513 gewerblichen
1764 2473 1971 2513 Entwickelung
2000 2474 2054 2513 das
2084 2473 2186 2513 eigent⸗

1172 2514 1239 2546 liche
1258 2508 1426 2551 Handwerk.
1463 2512 1526 2544 Mit
1544 2509 1642 2551 ſeinem
1664 2511 1810 2551 Erſtarken
1826 2512 1936 2551 begaunn
1955 2510 2003 2551 es,
2016 2511 2185 2551 planmäzig

1173 2552 1224 2584 auf
1255 2546 1296 2582 die
1316 2550 1497 2589 Beſeitiaung
1518 2551 1578 2589 der
1582 2549 1712 2589 früheren
1731 2549 1975 2589 Betrieboſyſteme
1994 2549 2186 2589 hinzuwirken,

1173 2592 1232 2621 und
1253 2596 1279 2619 wo
1282 2589 1361 2620 die
1365 2584 1533 2625 ſtaͤdtiſchen
1553 2587 1717 2626 Bebörden
1731 2587 1866 2626 ſchwach
1876 2595 1970 2626 genug
1992 2587 2062 2624 dazu
2082 2593 2186 2626 waren,

1172 2628 1255 2665 hielt
1270 2634 1339 2658 man
1363 2620 1526 2665 regelrechte
1550 2621 1808 2665 Boͤnhaſenjagden
1836 2621 1893 2663 ab,
1898 2625 1940 2665 d.
1952 2622 1987 2661 h.
2007 2622 2074 2655 man
2085 2622 2187 2665 ſpürte

1172 2666 1216 2695 die
1236 2664 1341 2696 Störer
1360 2660 1413 2695 in
1410 2666 1461 2695 den
1479 2663 1607 2701 Häufern
1626 2661 1714 2702 ihrer
1717 2663 1837 2702 Kunden
1837 2662 1907 2702 auf
1927 2664 1987 2702 und
2006 2670 2045 2702 zog
2047 2662 2119 2702 ſie
2136 2669 2187 2702 zur

1172 2702 1427 2739 Verantwortung.
1479 2697 1536 2734 Die
1570 2700 1818 2739 charakteriſtiſche
1832 2699 2104 2739 Eigenthümlichkeit
2136 2701 2184 2739 der

1173 2733 1466 2777 handwerksmuͤßigen
1494 2733 1722 2777 Betriebsweiſe
1721 2734 1780 2777 iſt
1794 2737 1849 2777 die
1864 2738 2039 2777 Produktion
2069 2737 2118 2777 füuͤr
2131 2737 2185 2777 be⸗

1174 2769 1303 2817 ſummte
1309 2769 1454 2817 Kunden,
1459 2769 1532 2817 die
1542 2770 1687 2817 entweder
1686 2770 1762 2817 ibre
1791 2771 1929 2817 Auftrage
1937 2775 2035 2817 direkt
2033 2775 2184 2817 ertheilen

1174 2807 1241 2844 oder
1259 2815 1301 2844 die
1315 2807 1367 2844 der
1376 2807 1560 2850 Handwerker
1579 2812 1747 2851 regelmäßig
1762 2811 1814 2851 aui
1829 2812 1880 2851 den
1892 2809 2092 2851 Jabrmaͤrkten
2101 2809 2184 2851 tifft.

1172 2851 1321 2891 Dadurch
1325 2846 1421 2891 wurde
1423 2853 1493 2891 dann
1495 2847 1708 2891 gleichzeitig
1724 2847 1770 2879 ein
1792 2848 1908 2880 kleiner
1917 2848 2043 2886 Umiang
2060 2849 2108 2878 der
2126 2850 2185 2878 ein⸗

1171 2879 1273 2926 Finen
1282 2879 1472 2922 Werknatten
1477 2879 1605 2923 bedingt.

108 1390 199 1436 Die
218 1383 733 1439 Entwickelungsſtufen
753 1382 846 1439 des
853 1381 1117 1439 Gewerbes.

109 1430 146 1436 —
160 1430 256 1474 We
268 1430 356 1481 Unter
357 1430 502 1481 kundiger
521 1431 667 1481 Führung
679 1436 765 1481 eine
765 1434 945 1481 Wanderung
955 1434 1047 1481 durch,
1047 1434 1120 1481 das

108 1468 291 1519 gewerbliche
293 1468 406 1519 Berlin
410 1468 612 1519 unerneumen
612 1469 735 1519 wollte,
756 1474 802 1519 der
811 1472 900 1519 iaͤude
906 1470 1116 1519 augenblicklich

109 1509 314 1552 Gelegenheit,
317 1512 463 1547 innerbalb
477 1514 598 1552 weniger
609 1512 733 1552 Schritte
743 1511 809 1552 olle
811 1511 936 1552 Formen
947 1517 981 1546 zu
991 1511 1120 1552 ſtudiren,

109 1547 206 1589 weiche
224 1547 267 1585 die
281 1547 416 1584 Gewerbe
435 1554 465 1583 in
485 1548 566 1587 ihrer
571 1550 780 1589 Jahrtauiende
799 1549 903 1589 langen
914 1549 1119 1589 Cutwickelung

109 1584 312 1627 durchgemacht
333 1590 429 1621 baben.
462 1585 518 1621 Die
537 1585 719 1624 Audſtellung
729 1586 939 1627 ſchwediichen
937 1586 1119 1627 Hausfleikes

109 1622 208 1661 Unter
226 1631 277 1660 den
291 1622 410 1664 Linden,
440 1627 485 1657 die
507 1623 762 1664 Hausſchneiderin
774 1625 817 1664 in
814 1624 890 1664 der
900 1624 1120 1664 töchterreichen

109 1659 239 1702 Familie,
252 1659 348 1702 irgend
362 1659 408 1696 ein
418 1660 539 1696 biederer
548 1662 742 1702 Haudwerker,
755 1661 797 1692 die
807 1661 1121 1702 Koniektionsinduſtrie

111 1697 157 1737 am
186 1697 458 1740 Hausvoigteiplatze
487 1698 565 1733 und
578 1701 688 1740 endlich
710 1700 753 1740 die
783 1701 913 1740 moderne
942 1699 1044 1740 Fabrik
1071 1699 1122 1740 mit

114 1735 273 1778 Hunderten
294 1735 358 1772 oder
376 1735 540 1772 Tanienden
560 1744 617 1770 von
629 1737 797 1778 Arbeitern:
816 1737 904 1778 jeder
909 1741 966 1767 von
980 1737 1068 1778 ihnen
1069 1737 1121 1778 iſt

112 1772 168 1812 der
173 1772 326 1819 Verireter
340 1778 415 1819 einer
434 1777 606 1819 beſtimmten
623 1774 918 1814 Entwickelungsitufe
937 1774 1048 1812 unſerer
1066 1774 1121 1813 jetzt

108 1810 140 1855 ſo
149 1810 224 1855 hoch
245 1816 424 1855 entwickelten
444 1810 599 1855 Jndnſtrie.

188 1846 277 1895 Denn
282 1846 349 1895 ganz
351 1854 416 1895 ſo
434 1846 546 1895 emnfach,
570 1853 624 1895 wie
643 1852 711 1895 noch
729 1851 821 1895 Adam
820 1850 948 1895 Smith,
969 1850 1016 1880 der
1035 1849 1123 1895 Vater

113 1893 163 1925 der
181 1885 329 1930 klaſſiſchen
349 1885 638 1930 Rationalökonomie,
668 1890 718 1930 ſich
749 1891 806 1930 die
816 1888 909 1930 Sache
937 1896 1024 1930 gegen
1044 1887 1124 1930 Ende

113 1932 163 1962 des
187 1925 242 1962 16.
249 1930 462 1967 Jahrbunderts
483 1930 582 1967 dachte,
607 1926 681 1967 liegt
694 1927 729 1967 ſie
748 1927 833 1967 doch
833 1928 912 1967 nicht.
952 1927 1016 1967 „Jn
1023 1927 1123 1967 einem

109 1968 212 2005 Sager.
233 1961 310 1999 oder
317 1967 530 2005 Hirtenſtamme
558 1962 644 2005 fiudet
646 1962 735 2005 ſich
733 1967 779 2005 ein
797 1964 936 2005 Menſch,
954 1965 1015 2005 der
1021 1963 1122 2005 Bogen

106 2000 170 2038 und
192 2006 286 2042 Pfeile
314 2000 365 2035 mit
377 2000 522 2042 groͤßerer
553 2001 773 2042 Geſchicklichkeit
796 2002 970 2042 verfertigt,
987 2002 1043 2042 als
1060 2002 1125 2042 alle

108 2037 230 2075 anderuͤ.
263 2042 291 2074 Er
292 2037 425 2076 tauicht
434 2042 481 2078 ſie
508 2048 592 2078 gegen
613 2041 687 2078 Vieh
710 2042 780 2078 oder
794 2039 932 2078 Wildpret
942 2039 1003 2078 bei
1011 2039 1123 2078 ſeinen

108 2072 245 2117 Genoſſen
265 2072 313 2111 um
344 2086 384 2110 und
386 2072 523 2117 finder
543 2073 718 2117 ſchließlich,
732 2076 787 2117 daß
818 2084 848 2117 er
872 2076 921 2117 ſich
940 2075 1019 2107 dabei
1024 2075 1122 2117 beſier

111 2111 208 2155 ſteht,
227 2118 274 2149 ais
313 2123 395 2147 wenn
433 2111 463 2155 er
500 2112 579 2153 ſelbit
609 2112 666 2155 auf
678 2112 734 2155 die
766 2113 847 2155 Jagd
879 2114 969 2155 ginge.
1021 2113 1123 2155 Zuletzt

112 2150 202 2188 macht
220 2164 250 2186 er
269 2155 312 2186 die
331 2151 517 2192 Aufertigung
536 2160 593 2184 von
614 2151 815 2192 Schießgeraͤth
842 2159 878 2192 zu
908 2152 994 2192 ſeiner
1012 2152 1124 2192 Haupt⸗

105 2187 309 2230 beſchaͤftigung
329 2193 386 2223 und
406 2187 476 2222 wird
500 2188 539 2228 ju
558 2193 648 2230 einer
654 2188 708 2221 Art
722 2188 980 2230 Waffenichmied..
1010 2189 1121 2230 Damit

107 2231 140 2268 iſt
159 2225 248 2263 dann
254 2225 321 2265 nach
341 2231 432 2261 Adam
447 2226 547 2264 Smith
566 2230 614 2268 der
626 2228 813 2268 Handwerker
831 2227 870 2268 fix
888 2228 946 2268 und
964 2227 1047 2268 fertig
1054 2229 1122 2268 und

107 2262 190 2302 wenn
198 2262 260 2300 es
298 2262 375 2306 nach
403 2268 451 2298 der
490 2263 666 2306 angeblichen
697 2264 1119 2306 Handwerkerfreundlichkeit/

106 2308 219 2341 unſerer
247 2301 626 2344 Mutelſtandsvolitiker-
634 2302 731 2344 ginge,
763 2304 838 2344 wäre
848 2311 927 2344 nun
929 2304 1120 2344 gleichzeitig

106 2339 167 2382 jede
194 2339 303 2376 weitere
322 2343 528 2382 Entwickelung
548 2340 768 2382 abgeſchloijen.
790 2341 974 2382 Höchſtens,
983 2341 1037 2382 daß
1056 2349 1123 2382 man

106 2377 163 2414 den
183 2382 368 2419 Handwerker
397 2381 463 2415 noch
485 2378 545 2419 mit
574 2378 623 2411 der
647 2380 829 2419 Einrichtung
858 2384 915 2419 von
930 2379 1057 2419 Zuͤnften
1077 2379 1121 2419 be⸗

106 2413 214 2461 glücken
243 2422 301 2451 und
307 2420 387 2461 ihm
386 2414 459 2461 die
457 2418 551 2461 Zahl
581 2419 628 2450 der
658 2426 692 2456 zu
723 2415 869 2456 haltenden
889 2416 1034 2454 Lehrlinge
1063 2416 1121 2447 und

107 2452 234 2496 Beſellen
253 2456 437 2496 vorſchreiben
457 2452 563 2496 konnte.

181 2495 256 2525 Uber
274 2490 370 2524 unſere
381 2494 517 2532 Gewerbe
536 2492 636 2530 haben,
656 2491 710 2532 wie
715 2499 821 2532 nenere
834 2491 1027 2530 Forichungen
1041 2491 1121 2532 über⸗

106 2536 226 2569 zeugend
258 2532 388 2568 darthun,
422 2531 494 2565 nicht
523 2527 580 2562 nur
587 2527 751 2569 emerſeits
775 2528 864 2569 einen
896 2528 1029 2569 anderen
1044 2529 1121 2569 Ent⸗

106 2563 351 2607 wickelungsgang
380 2563 554 2608 genommen,
583 2567 702 2608 ſondern
731 2567 813 2608 ſind,
831 2568 884 2608 wie
907 2569 955 2608 die
974 2567 1124 2608 Geſchichte

109 2608 157 2646 der
185 2603 292 2645 letzten
306 2603 479 2646 anderthalb
500 2606 714 2646 Jahrhunderte
734 2604 860 2646 gezeigt
865 2606 923 2642 hat,
954 2607 1021 2646 auch
1050 2606 1123 2637 einer

107 2641 294 2682 Foribildung
314 2645 382 2675 über
401 2645 443 2675 die
462 2641 549 2682 Form
568 2645 619 2675 des
638 2642 813 2682 Handwerks
819 2642 939 2682 hinaus
959 2644 1044 2681 fähig.

184 2683 260 2716 Nach
279 2679 389 2721 dieſen
406 2679 596 2721 Ergebniſſen
619 2679 877 2721 wiſſenichaftlicher
904 2681 1061 2721 Forſchung
1070 2680 1123 2721 iſt

105 2719 262 2759 überhaupt
281 2720 352 2759 nicht
379 2719 420 2759 im
439 2717 600 2759 Handwerk
625 2717 675 2759 die
688 2719 805 2754 Uriorm
834 2718 921 2750 aller
930 2719 1123 2759 gewerblichen

105 2754 266 2796 Tbaͤngkeit
280 2765 315 2793 zu
334 2755 455 2792 juchen,
456 2758 576 2796 ſondern
592 2757 622 2788 in
642 2758 716 2796 dem,
734 2763 795 2796 was
809 2765 855 2796 man
857 2758 1061 2796 neuerdings
1074 2758 1122 2787 als

107 2791 292 2833 „Hausfleitß“
307 2791 464 2832 bezeichnet.
495 2795 551 2827 Die
561 2795 682 2832 Familie
694 2795 727 2830 iſt
738 2794 797 2829 alſo
811 2795 859 2824 der
868 2794 1008 2833 Kahmen,
1028 2793 1121 2833 inner⸗

105 2828 173 2866 daib
192 2828 278 2870 deſſen
297 2828 369 2863 alles
389 2833 451 2870 das,
471 2835 535 2863 was
541 2829 608 2871 wir
627 2833 707 2866 heute
707 2833 774 2871 als
788 2830 962 2871 gewerbliche
976 2830 1119 2871 Produkte

104 2866 269 2908 bezeichuen,
299 2867 488 2908 urſpruͤnglich
517 2870 589 2908 nicht
619 2877 676 2908 nur
704 2868 870 2908 hergeſtellt,
903 2868 1026 2908 ſondern
1052 2868 1120 2908 auch

105 2900 268 2948 derdrauchi
302 2900 444 2948 wurde.
467 2906 533 2936 Und
565 2901 672 2948 gexade
709 2901 770 2948 der
784 2902 940 2948 Umſtand.
966 2904 1032 2948 daß
1069 2904 1124 2948 das

107 2938 268 2982 Erzenanig
287 2944 338 2978 auif
357 2944 457 2982 ſeinem
477 2939 589 2981 ganzen
602 2942 689 2982 Wege
688 2946 766 2982 von
784 2941 833 2973 der
851 2941 1048 2982 Bearbeitung
1058 2941 1124 2982 des

109 2977 270 3019 Rohſoͤffes
289 2981 463 3019 angefangen
480 2978 546 3011 bis
554 2988 604 3016 zur
623 2979 805 3019 Vollendung
836 2981 894 3019 und
923 2986 958 3019 zum
960 2979 1125 3019 ſchließ⸗

111 3014 199 3057 lichen
219 3014 427 3057 vollſtuͤndigen
438 3018 598 3057 Verbranch
619 3019 661 3057 die
680 3017 819 3049 Schwelle
844 3018 894 3048 des
913 3016 1023 3057 Hauies
1039 3016 1125 3057 nicht

114 3052 229 3095 verließ.
248 3052 385 3095 bewirkte,
393 3056 457 3095 daß
476 3056 524 3087 der
542 3056 670 3095 Arbeiter
688 3057 733 3095 ein
752 3062 824 3095 ganz
838 3057 969 3095 anderes
988 3054 1125 3092 Jntereſie

112 3103 151 3128 an
169 3090 230 3125 dem
250 3090 410 3132 Erzeugniß
417 3094 516 3132 ſeiner
533 3093 635 3132 Haͤnde
650 3093 760 3132 nahm.
756 3091 818 3122 als
838 3093 1008 3132 beutzutage,
1028 3100 1075 3132 wo
1094 3099 1124 3123 er

113 3127 174 3165 eine
193 3132 279 3163 neine
296 3127 468 3169 Theitarbeit
486 3128 667 3169 tauſendmal
680 3138 728 3161 am
740 3129 821 3169 Tage
840 3130 1024 3169 wiederbolen
1032 3129 1124 3169 kann,

115 3171 187 3206 ohne
205 3164 339 3206 vielleicht
356 3169 409 3200 das
438 3168 535 3205 fertige
554 3167 682 3206 Produkt
710 3168 814 3206 einmal
842 3168 873 3206 in
902 3168 944 3206 die
962 3167 1062 3206 Haͤnde
1074 3166 1125 3206 zu

107 3201 276 3239 bekommen.
324 3205 398 3237 Dies
425 3201 612 3243 perfönliche
614 3205 794 3243 Verwachſen
823 3204 877 3243 mit
905 3205 966 3243 dem
971 3203 1124 3243 Arbeits⸗

104 3238 172 3281 ſtuück
200 3243 324 3275 bewirkte
352 3238 436 3281 daun
457 3244 524 3281 aber
555 3242 626 3281 auch
638 3243 706 3281 das
736 3242 898 3281 liebevolle
910 3241 1063 3281 Verſenken
1092 3243 1122 3272 in

104 3276 183 3319 jedes
202 3282 335 3319 einzelne
344 3279 451 3319 Stuͤck
456 3279 514 3310 und
545 3278 706 3319 einwickelie
734 3279 808 3319 auch
831 3280 863 3310 in
891 3278 952 3319 dem
981 3280 1120 3319 einzelnen

105 3314 233 3351 UArbeiter
247 3314 305 3349 den
324 3317 416 3357 feinen
436 3316 584 3357 Formen⸗
600 3319 659 3357 und
677 3315 861 3357 Farbenfiunn,
891 3316 944 3347 den
972 3324 1040 3347 man
1069 3316 1119 3353 auf

105 3349 160 3390 der
173 3349 382 3396 ſchwedijchen
377 3349 559 3396 Ausſteuung
565 3350 744 3396 beobachten
758 3354 847 3396 kann.

183 3395 230 3431 Jn
258 3389 341 3426 dieſer
363 3389 460 3431 Form,
481 3393 529 3424 als
544 3389 718 3431 Hauefleih
741 3391 805 3431 oder
824 3390 988 3431 Hauswerk,
1009 3390 1048 3431 iſt
1070 3390 1124 3431 das

110 3426 246 3466 Gewerbe
269 3432 336 3465 nach
365 3426 411 3462 der
431 3427 625 3468 Behauptung
642 3428 773 3468 Blichers
783 3428 875 3468 fogar
904 3429 976 3468 älter
1006 3429 1053 3458 als
1059 3428 1125 3468 die

105 3463 360 3504 Landwirthſchaft.
417 3464 548 3501 Bekannt
562 3464 622 3506 iſt
637 3467 676 3505 ja,
696 3466 750 3506 daß
777 3467 810 3506 in
828 3467 881 3506 den
901 3465 1124 3506 Sklavenwirth⸗

106 3500 232 3544 ſchaften
249 3500 303 3537 der
320 3506 452 3544 Griechen
483 3506 540 3536 und
560 3501 668 3544 Roͤmer
668 3501 747 3544 ſich
776 3504 878 3544 bereits
886 3505 1055 3544 zablreiche
1082 3505 1126 3535 in⸗

106 3539 242 3580 duſtrielle
261 3545 387 3576 Arbeiter
406 3539 539 3578 befanden
570 3544 627 3582 und
654 3540 708 3579 daß
732 3543 798 3576 auch
805 3541 898 3582 Karl
915 3543 962 3572 der
980 3541 1075 3582 Große
1082 3549 1123 3582 in

108 3576 199 3620 ſeiner
219 3583 386 3620 Anweiſung
415 3576 484 3612 uͤber
512 3581 556 3612 die
585 3577 774 3617 Verwaltung
795 3580 852 3620 der
879 3579 1038 3620 Landgüter
1052 3580 1124 3620 eine

108 3615 195 3657 ganze
214 3620 303 3657 Reihe
321 3615 386 3650 von
389 3619 594 3657 Handwerkern
615 3624 710 3657 nennt,
730 3619 773 3657 die
785 3617 869 3657 jeder
877 3617 956 3654 Vogt
957 3618 1005 3657 in
1024 3617 1123 3657 ſeinem

105 3652 219 3692 Dienſte
239 3652 328 3689 haben
348 3652 439 3694 muͤffe.
489 3657 544 3688 Die
563 3656 710 3694 Jnduſtrie
734 3656 777 3694 in
784 3655 831 3694 der
850 3654 936 3690 Form
957 3654 1007 3694 des
1019 3654 1123 3694 Haus⸗

106 3689 206 3732 fieißes
225 3696 287 3729 iſt,
288 3696 332 3725 wie
351 3689 413 3725 das
417 3694 540 3732 Beiſpiel
553 3690 734 3732 Schwedens,
751 3691 914 3732 Rußlands,
928 3691 1124 3732 verſchiedener

105 3727 317 3765 Balkanländer
345 3740 374 3763 u.
397 3732 416 3767 j.
443 3728 493 3762 w.
510 3732 632 3769 beweiſt,
655 3731 744 3769 noch
750 3730 889 3769 durchans
919 3729 1005 3769 nicht
1019 3732 1123 3769 anage⸗

105 3759 249 3809 ſlorben.
252 3759 329 3801 Sie
346 3759 478 3808 derinag,
488 3760 542 3799 wie
563 3760 602 3806 z.
606 3760 647 3800 B.
667 3767 698 3799 in
713 3760 864 3804 Ruzzland,
884 3767 933 3802 auf
953 3766 1020 3804 dieſe
1033 3761 1121 3805 Weiſe

220 732 691 1080 —
710 741 1478 1088 Vollis
1511 734 1747 1095 3
1762 742 2591 1149 eilung

952 1070 1147 1211 Orum
1146 1115 1342 1217 fuͤr
1374 1092 1782 1208 Jedernum
1806 1126 1964 1243 aus
1989 1114 2134 1249 dem
2126 1114 2399 1255 Velle.

953 1190 1329 1282 .
1341 1206 1637 1281 Guteuberqs
1657 1235 1906 1280 Jlluſtrirtes
1926 1233 2270 1277 Sountassblatt.
