4236 6053
838 3848 938 3890 adrus
967 3848 1090 3890 verboin

2353 3223 2362 3260 u
2455 3223 2719 3260 iaenatlaus
2770 3223 2999 3260 aannnmanr
3076 3223 3169 3260 enet
3229 3223 3246 3260 i

2263 3270 2447 3307 Gernana:

1176 3847 1254 3885 ien
1254 3847 1315 3885 e
1315 3847 1445 3885 r
1384 3847 1462 3885 iurs
1523 3847 1636 3885 nain
1697 3847 1757 3885 ir
1801 3847 1905 3885 Sghen
1931 3847 2087 3885 aueen,
2130 3847 2165 3885 ia

1175 3895 1370 3933 zun
1286 3895 1442 3933 weienmale
1468 3895 1514 3933 ab.

2924 709 3032 779 erlin

2714 756 2809 826 uot
3070 756 3177 826 tos

504 3894 733 3938 Opter

394 3964 492 4008 nonan
514 3964 567 4008 von
597 3964 680 4008 Dora
717 3964 853 4008 Dunaer

131 896 166 933 vn
243 896 292 933 n
271 896 327 933 an
292 896 369 933 ·
390 896 474 933 ·rea
516 896 558 933 u
678 896 685 933 ⸗

269 932 337 969 iorne
392 932 542 969 und

145 965 151 1002 u
192 965 250 1002 uanah
279 965 285 1002 ·
297 965 314 1002 de
297 965 683 1002 deſtinen

144 996 151 1033 t
178 996 184 1033 ·
191 996 311 1033 ndtr·
338 996 411 1033 aari
438 996 518 1033 vurara
545 996 585 1033 n
645 996 678 1033 ae—

173 1031 180 1068 ·
187 1031 296 1068 dattion
392 1031 481 1068 oan
474 1031 652 1068 ewediin

305 1067 317 1104 .
348 1067 466 1104 uitei·
497 1067 527 1104 o.

140 1096 194 1133 na
248 1096 524 1133 aeen
326 1096 356 1133 i
374 1096 518 1133 uotu
578 1096 584 1133 d
608 1096 632 1133 ſer
656 1096 668 1133 t

154 1128 159 1165 .
186 1128 309 1165 ionetai·
319 1128 325 1165 a
378 1128 399 1165 0.
437 1128 447 1165 n.
479 1128 586 1165 tantiuiet
607 1128 650 1165 Sit.
682 1128 687 1165 .

127 1156 171 1193 so.
193 1156 286 1193 Konuuet
308 1156 347 1193 e.
341 1156 644 1193 .
396 1156 402 1193 s
479 1156 545 1193 mond
550 1156 605 1193 enien
616 1156 644 1193 t.

141 1185 154 1222 .
166 1185 293 1222 ebne.
331 1185 344 1222 n.
369 1185 376 1222 c
331 1185 344 1222 n.
458 1185 465 1222 ·
433 1185 534 1222 cr
458 1185 465 1222 ·
484 1185 655 1222 eerdrt·

282 1217 341 1254 orue
362 1217 400 1254 und
426 1217 683 1254 verlas.

214 1243 566 1280 ntera.
604 1243 615 1280 a
373 1243 632 1280 ·
665 1243 693 1280 a.

259 1269 310 1306 vu
354 1269 367 1306 .
488 1269 494 1306 ·
513 1269 519 1306 ·
538 1269 564 1306 ius
570 1269 577 1306 .

2718 840 2972 886 aonernere
2849 840 3064 886 nr
3094 840 3148 886 vri

2671 882 2804 928 vlah
2858 882 2864 928 w
2978 882 3005 928 al
3091 882 3125 928 eu
3178 882 3185 928 o

2739 917 2874 963 t
2899 917 3219 963 vMote--

2697 941 2746 987 oai
2838 941 2875 987 ea
2925 941 3067 987 eeoch
3147 941 3153 987 4

2723 973 2873 1019 .t
2915 973 2969 1019 eie
3149 973 3191 1019 1·

2841 1000 2882 1046 eae
2889 1000 2930 1046 a
3026 1000 3067 1046 in

2688 1034 2746 1080 een
2770 1034 2805 1080 ee
2828 1034 2834 1080 a
2828 1034 2939 1080 ·abdolen
2957 1034 2980 1080 au
2787 1034 3050 1080 er
3109 1034 3132 1080 we
3138 1034 3220 1080 dlne

2675 1065 2777 1111 dun
2808 1065 2815 1111 s
2834 1065 2865 1111 vn.
2891 1065 2935 1111 von
2979 1065 3011 1111 lo
2846 1065 3062 1111 n.
2903 1065 3150 1111 oen
3220 1065 3226 1111 ⸗

2820 1097 2826 1143 u
2863 1097 2869 1143 ·
2906 1097 2962 1143 ue
3011 1097 3017 1143 o
2906 1097 2986 1143 mnt
3042 1097 3122 1143 vun

2693 1127 2735 1173 det
2753 1127 2825 1173 auen
2855 1127 2987 1173 Deunaen
3011 1127 3215 1173 vonannaltei

2773 1160 2857 1206 dt
2872 1160 2880 1206 d
2934 1160 2941 1206 v
3003 1160 3049 1206 eui
3064 1160 3072 1206 s

2785 1199 2857 1245 ait
2865 1199 2929 1245 rie
2945 1199 3025 1245 neae
3057 1199 3089 1245 n

2726 1239 2758 1285 u
2797 1239 2954 1285 ·
2883 1239 3024 1285 .
3166 1239 3174 1285 n

2343 3848 2392 3891 Das
2425 3848 2482 3891 dar
2507 3848 2523 3891 i
2581 3848 2687 3891 aam
2720 3848 2859 3891 veeeen.
2883 3848 2908 3891 da
2965 3848 3006 3891 de
3039 3848 3096 3891 Sae
3153 3848 3252 3891 rine

2242 3890 2306 3933 tt.
2357 3890 2392 3933 Ree
2443 3890 2450 3933 o
2486 3890 2529 3933 was
2579 3890 2593 3933 —
2622 3890 2658 3933 iee
2694 3890 2737 3933 on
2787 3890 2816 3933 eo
2880 3890 3067 3933 Die
2959 3890 3002 3933 nuß
3046 3890 3096 3933 wea,
3117 3890 3232 3933 in
3168 3890 3247 3933 jeden

2249 3926 2317 3969 dale
2368 3926 2402 3969 us
2436 3926 2461 3969 ſe
2436 3926 2521 3969 ſe
2495 3926 2674 3969 wes
2708 3926 2751 3969 vu
2785 3926 3117 3969 nen
2887 3926 2998 3969 alwhon
3023 3926 3193 3969 hauer

2241 3965 2270 4008 ſe
2307 3965 2506 4008 weabimmen.·

2349 4004 2402 4045 Mii
2421 4004 2500 4045 lachte

2367 4035 2392 4076 ee
2416 4035 2449 4076 in
2498 4035 2564 4076 rin.
2596 4035 2637 4076 So
2670 4035 2694 4076 wa
2735 4035 2809 4076 jrs
2883 4035 2907 4076 uu
2956 4035 2981 4076 ve
3013 4035 3079 4076 wielr
3095 4035 3128 4076 de
3177 4035 3242 4076 aam

2258 4077 2679 4118 nielt
2373 4077 2426 4118 an·
2457 4077 2871 4118 gonne
2610 4077 3055 4118 oooet
2702 4077 2756 4118 nad
2794 4077 2886 4118 dauſe.
2955 4077 3055 4118 Aahher
3086 4077 3116 4118 nt
3147 4077 3170 4118 es
3208 4077 3247 4118 en

2310 4116 2518 4157 ent
2393 4116 2585 4157 aa
2485 4116 2651 4157 eo
2551 4116 2726 4157 e
2785 4116 2793 4157 i
2401 4116 2943 4157 eeaeat
2960 4116 3018 4157 daa,
3060 4116 3102 4157 ver
3127 4116 3193 4157 tam
3218 4116 3243 4157 de

2243 4155 2334 4196 daforr
2348 4155 2355 4196 ·

2325 2040 2359 2092 di
2392 2040 2475 2092 saee
2325 2040 2551 2092 die
2576 2040 3185 2092 hierte
2693 2040 2743 2092 vor
2759 2040 2809 2092 aue
2885 2040 2935 2092 ter·
2976 2040 3002 2092 e.
3027 2040 3052 2092 it
3077 2040 3110 2092 dc
3160 2040 3244 2092 neigt·

2250 2083 2368 2135 Sielna
2404 2083 2456 2135 das
2507 2083 2632 2135 andwert
2668 2083 2742 2135 unter
2764 2083 2815 2135 den
2852 2083 3241 2135 veranderien
3006 2083 3065 2135 n
3057 2083 3241 2135 Verhinnen

2245 2120 2449 2172 eneüünen
2482 2120 2686 2172 ſat
2727 2120 2817 2172 oeuen
2858 2120 2866 2172 v
2932 2120 3071 2172 deuiaht
2874 2120 3128 2172 n
2948 2120 3243 2172 emn

2244 2155 2315 2207 ii
2386 2155 2466 2207 inuea
2492 2155 2519 2207 ti
2572 2155 2696 2207 huwee

2352 2233 2378 2272 ie
2404 2233 2733 2272 aanetereaierun
2759 2233 2794 2272 n
2785 2233 2837 2272 n
2829 2233 2915 2272 iaae
2924 2233 2959 2272 t
2967 2233 2993 2272 ia
3063 2233 3106 2272 er
3141 2233 3245 2272 aaier

2262 2278 2284 2317 at
2321 2278 2328 2317 s
2357 2278 2548 2317 abaelehnt,
2577 2278 2629 2317 dẽn
2658 2278 3238 2317 Doerburaern
2915 2278 3003 2317 einer
3055 2278 3238 2317 iinetn

2245 2316 2308 2355 euer
2336 2316 2392 2355 von
2413 2316 2504 2355 dielen
2525 2316 2728 2355 nachaeiucten
2770 2316 2868 2355 Audiem
2896 2316 2925 2355 u
2953 2316 3156 2355 emptangen.
3219 2316 3240 2355 er

2291 2352 2366 2391 ren.
2373 2352 2411 2391 aa
2478 2352 2516 2391 die
2538 2352 2583 2391 das
2628 2352 2748 2391 uteu.
2778 2352 2801 2391 t
2831 2352 2891 2391 nht
2906 2352 3018 2391 beaut
3048 2352 3078 2391 ai
3138 2352 3244 2391 welen

2275 2390 2353 2429 unde
2389 2390 2662 2429 Dbeiburaemeeiner
2705 2390 2827 2429 Kiſchner
2848 2390 2906 2429 eine
2927 2390 3006 2429 ſolae
3049 2390 3142 2429 udiem
3171 2390 3250 2429 na·

2271 2427 2340 2466 ſuai
2386 2427 2424 2466 at.
2493 2427 2501 2466 s
2524 2427 2601 2466 hett
2632 2427 2678 2466 dat
2632 2427 2754 2466 das
2816 2427 3023 2466 eae
2900 2427 2946 2466 un
2969 2427 3215 2466 eie
3077 2427 3130 2466 ut
3192 2427 3246 2466 ve·

2240 2466 2340 2505 iatt
2398 2466 2455 2505 urde
2491 2466 2555 2505 dura
2599 2466 2642 2505 die
2677 2466 2864 2505 ublehnuna
2907 2466 2957 2505 der
2993 2466 3245 2505 ueberturung

2266 2503 2295 2542 er
2309 2503 2496 2542 ſiadihen
2517 2503 2718 2542 eiettrichen
2747 2503 2876 2542 Babnen
2905 2503 2977 2542 iber
2998 2503 3048 2542 die
3063 2503 3084 2542 .
3113 2503 3213 2542 iden
3235 2503 3242 2542 .

2253 2540 2304 2579 von
2319 2540 2370 2579 den
2392 2540 2561 2579 uunandiaen
2597 2540 2759 2579 Reſſortbe
2766 2540 2891 2579 borden
2913 2540 2957 2579 iot
2979 2540 3015 2579 die
3067 2540 3243 2579 enehmaus

2245 2577 2429 2616 veer
2348 2577 2568 2616 ueberuhuia.
2598 2577 2634 2616 die
2671 2577 2715 2616 nac
2766 2577 2811 2616 den
2840 2577 3001 2616 aeleichen
3053 2577 3244 2616 enunungen

2275 2615 2363 2654 r
2319 2615 2502 2654 verin
2429 2615 2524 2654 ſeiens
2546 2615 2590 2654 des
2634 2615 2722 2654 Kaiſers
2686 2615 2891 2654 eforderli
2972 2615 3244 2654 t
3023 2615 3053 2654 te
3067 2615 3170 2654 ſgro
3185 2615 3244 2654 rtiet

2295 2652 2331 2691 ue
2386 2652 2753 2691 eber
2827 2652 2863 2691 de
2891 2652 3037 2691 daluhent
3065 2652 3166 2691 ataei
3212 2652 3230 2691 n

2247 2695 2357 2734 worden.

2239 1361 2357 1403 emiaen
2396 1361 2490 1403 Raue
2521 1361 2663 1403 veremiat.
2694 1361 2749 1403 dier
2780 1361 2890 1403 ſhofen
2921 1361 2976 1403 ale
3007 1361 3039 1403 im
3094 1361 3172 1403 ienne
3195 1361 3235 1403 de⸗

2245 1402 2429 1444 gabrtaaten
2468 1402 2598 1444 nehenden
2621 1402 2736 1444 urbeier
2775 1402 2821 1444 nmc
2867 1402 2951 1444 ſenen
3028 1402 3182 1444 oordngen

2244 1441 2286 1483 den
2314 1441 2363 1483 von
2384 1441 2601 1483 ihn
2461 1441 2489 1483 da
2566 1441 2727 1483 eeſmiten
2769 1441 2888 1483 Rauen,
2923 1441 2958 1483 hie
2951 1441 3182 1483 erarbeien
3231 1441 3238 1483 e

2245 1476 2268 1518 ee
2314 1476 2368 1518 von
2383 1476 2437 1518 in
2468 1476 2621 1518 teiaaien
2314 1476 2759 1518 vof
2806 1476 2836 1518 mt
2859 1476 2905 1518 den
2928 1476 3074 1518 in
2975 1476 3182 1518 ſente
3205 1476 3228 1518 ve

2252 1516 2384 1558 ndiien
2420 1516 2567 1558 Maſhinen
2596 1516 2663 1558 ti.
2685 1516 2707 1558 es
2729 1516 2839 1558 berict
2853 1516 2890 1558 de
2912 1516 3000 1558 aotie
2993 1516 3235 1558 enen

2243 1554 2280 1596 die
2302 1554 2368 1596 nan
2390 1554 2405 1596 ni
2463 1554 2559 1596 denten
2581 1554 2661 1596 tani.
2720 1554 2757 1596 Die
2793 1554 2903 1596 Vorniae
2940 1554 3021 1596 deſer
3050 1554 3241 1596 Vrodutuons·

2251 1592 2316 1634 weie
2337 1592 2366 1634 in
2387 1592 2459 1634 alen
2480 1592 2531 1634 den
2581 1592 2660 1634 alen.
2681 1592 2710 1634 in
2731 1592 2817 1634 denen
2839 1592 2868 1634 ie
2889 1592 3040 1634 uberbanpt
3068 1592 3240 1634 verwendar

2273 1628 2282 1670 .
2308 1628 2351 1670 id
2438 1628 2533 1670 daun
2585 1628 2611 1670 al
2654 1628 2698 1670 dat
2741 1628 2776 1670 er
2802 1628 2897 1670 daulbs
2940 1628 2984 1670 ues
3018 1628 3036 1670 e
3105 1628 3166 1670 eon
2342 1628 3244 1670 der·

2244 1667 2325 1709 ieren
2347 1667 2464 1709 dirften.

1264 3162 1307 3214 Sie
1350 3162 1522 3214 ntenicheden
1558 3162 1587 3214 io
1615 3162 1687 3214 bede
1708 3162 1737 3214 in
1759 3162 1845 3214 einem
1881 3162 2053 3214 welenlien
2081 3162 2189 3214 Vuntte.

1196 3199 1240 3251 Das
1291 3199 1438 3251 eioeſſn
1474 3199 1482 3251 m
1504 3199 1562 3251 iatt
1584 3199 1621 3251 die
1643 3199 1797 3251 bioherien
1848 3199 2032 3251 rtennanen
2054 3199 2156 3251 unaetio

1187 3237 1388 3289 veeuerbenehen
1417 3237 1467 3289 und
1496 3237 1610 3289 beannat
1632 3237 1661 3289 ſic
1704 3237 1797 3289 damt.
1819 3237 1847 3289 in
1862 3237 2091 3289 taunannſher
2127 3237 2185 3289 wene

1176 3273 1229 3325 den
1251 3273 1334 3325 abat
1394 3273 1401 3325 n
1431 3273 1611 3325 oraaniten.
1641 3273 1679 3325 die
1709 3273 1821 3325 feriaen
1859 3273 1979 3325 Vcodutte
2017 3273 2047 3325 an
2084 3273 2107 3325 io
2167 3273 2182 3325 u

1182 3312 1266 3364 nehen
1301 3312 1350 3364 uid
1378 3312 1455 3364 een
1476 3312 1602 3364 aroteren
1651 3312 1721 3364 Marti
1756 3312 1840 3364 dam
1861 3312 1889 3364 zu
1917 3312 2064 3364 verſorgen,
2099 3312 2183 3364 denen

1183 3348 1697 3400 ubſatwerbaucide
1470 3348 1506 3400 ee
1536 3348 1697 3400 eeeeruce
1741 3348 1844 3400 ubener
1866 3348 1932 3400 nici
1962 3348 2028 3400 mehr
2072 3348 2079 3400 u
2130 3348 2182 3400 wer·

1178 3385 1259 3437 ſehen
1288 3385 1391 3437 vermaa
1471 3385 1581 3437 Dadurch
1611 3385 1699 3437 aeraih
1728 3385 1757 3437 er
1794 3385 1853 3437 auch
1897 3385 1963 3437 wenn
1985 3385 2014 3437 er
2036 3385 2080 3437 der
2102 3385 2183 3437 dorn

1179 3423 1233 3475 nao
1271 3423 1340 3475 ſeaibſ
1348 3423 1448 3475 ſnndia
1509 3423 1517 3475 ,
1548 3423 1578 3475 in
1594 3423 1693 3475 immer
1724 3423 1808 3475 ieiere
1847 3423 2031 3475 Ahhangaten
2054 3423 2108 3475 von
2131 3423 2185 3475 den

1187 3462 1320 3514 ver.
1348 3462 1390 3514 der
1425 3462 1523 3514 audem,
1572 3462 1635 3514 wenn
1670 3462 1698 3514 ſc
1747 3462 1789 3514 die
1817 3462 1902 3514 erten
1951 3462 2084 3514 Ameichen
2119 3462 2182 3514 einer

1185 3497 1384 3549 aſahocuna
1415 3497 1515 3549 Figen.
1561 3497 1576 3549 ie
1607 3497 1676 3549 Zahl
1699 3497 1783 3549 ſeet
1807 3497 1814 3549 a
1845 3497 1906 3549 bbeie
1952 3497 2021 3549 am
2044 3497 2075 3549 na
2144 3497 2175 3549 Be

1177 3537 1261 3589 ueben
1296 3537 1464 3589 beſoranten
1499 3537 1576 3589 kann.
1611 3537 1674 3589 ohne
1702 3537 1786 3589 raend
1814 3537 1891 3589 einen
1933 3537 2052 3589 Nachthel
2094 3537 2108 3589 u
2129 3537 2185 3589 em·

1177 3573 1302 3625 vfiden.
1353 3573 1397 3625 Aus
1419 3573 1507 3625 dieſen
1537 3573 1661 3625 Grnden
1698 3573 1727 3625 it
1750 3573 1794 3625 das
1830 3573 1940 3625 Verlago
1962 3573 2036 3625 yien
2065 3573 2124 3625 oder
2146 3573 2183 3625 die

1185 3610 1393 3662 oauenduſtie
1441 3610 1457 3662 n
1497 3610 2161 3662 nuere
1665 3610 1697 3662 en
1737 3610 1769 3662 n
1769 3610 1785 3662 t
1857 3610 1897 3662 ccn
1929 3610 1985 3662 ei
1977 3610 1985 3662 l
2017 3610 2185 3662 aegaſien

1208 3648 1286 3700 orden
1310 3648 1357 3700 ud
1396 3648 1695 3700 iart
1475 3648 1498 3700 in
1538 3648 1624 3700 Lertut
1648 3648 1812 3700 adetenmen.

1266 3686 1317 3738 Den
1339 3686 1428 3738 ietten
1464 3686 1560 3738 echrut
1384 3686 1604 3738 in
1626 3686 2023 3738 der
1692 3686 1876 3738 aonentratoo
1920 3686 1964 3738 de
2030 3686 2184 3738 ododioneo·

1177 3723 1308 3775 voenes
1338 3723 1392 3775 tii
1369 3723 1446 3775 in
1469 3723 1599 3775 benkter
1622 3723 1676 3775 und
1691 3723 1891 3775 enuclonener
1945 3723 1991 3775 ene
2006 3723 2052 3775 das
2075 3723 2182 3775 dabtt·

1177 3758 1275 3810 ſmü.
1372 3758 1831 3810 et
1460 3758 1478 3810 it
1531 3758 1540 3810 d
1610 3758 1672 3810 aam
1681 3758 1690 3810 ·
1725 3758 1893 3810 vioutien
1911 3758 1999 3810 vous
1858 3758 2158 3810 ee

2332 5138 2401 5188 viui
2454 5138 2485 5188 ar
2508 5138 2593 5188 inn
2631 5138 2685 5188 von
2700 5138 2761 5188 den
2800 5138 2876 5188 Siuhi
2915 5138 2961 5188 aut
2992 5138 3045 5188 den
3068 5138 3099 5188 ſte
3130 5138 3168 5188 ein
3191 5138 3253 5188 var

2252 5177 2424 5227 naenbuae
2454 5177 2665 5227 nederaeſeſen
2695 5177 2785 5227 haue,
2822 5177 3025 5227 auiaeſtanden.
3085 5177 3130 5227 Sie
3176 5177 3251 5227 wou

2250 5216 2338 5266 aeben,
2375 5216 2404 5266 da
2463 5216 2478 5266 e
2536 5216 2727 5266 inenhot
2734 5216 2786 5266 eine
2793 5216 2874 5266 siaus
2925 5216 2998 5266 ioren
3035 5216 3116 5266 lnen
3160 5216 3240 5266 nocte

2259 5254 2337 5304 dan
2353 5254 2400 5304 fiel
2424 5254 2463 5304 ir
2486 5254 2533 5304 en.
2557 5254 2604 5304 das
2816 5254 2847 5304 En
2870 5254 2878 5304 e
2910 5254 2964 5304 aut
2980 5254 3035 5304 eine
3066 5254 3231 5304 vierleuund
3247 5254 3254 5304 ·

2245 5291 2408 5341 abtonen
2424 5291 2523 5341 tnnn
2547 5291 2588 5341 un
2645 5291 2661 5341 rr
2719 5291 2825 5341 eruber
2849 5291 2858 5341 i
2907 5291 2997 5341 duien.

2331 5331 2395 5381 uber
2460 5331 2489 5381 es
2539 5331 2618 5381 wollte
2661 5331 2740 5381 weder
2769 5331 2826 5381 von
2855 5331 2912 5381 den
2941 5331 3013 5381 einen
3034 5331 3092 5381 nod
3120 5331 3178 5381 von
3199 5331 3250 5381 den

2252 5367 2352 5417 andern
2382 5367 2513 5417 Voſchla
2559 5367 2643 5417 wien.
2697 5367 2720 5417 Er
2743 5367 2812 5417 hane
2835 5367 2989 5417 imiccen
3012 5367 3058 5417 auc
3088 5367 3165 5417 einen
3204 5367 3250 5417 ien

2244 5407 2409 5457 aueaeheat,
2440 5407 2495 5457 den
2527 5407 2730 5457 er
2581 5407 2644 5457 vu
2636 5407 2644 5457 l
2691 5407 2777 5457 eerde
2824 5407 2981 5457 uandlch
3075 5407 3130 5457 unie
3138 5407 3255 5457 rbreben

2252 5447 2364 5497 beaann,
2387 5447 2424 5497 als
2454 5447 2574 5497 diauten
2597 5447 2634 5497 an
2657 5447 2702 5497 der
2754 5447 3077 5497 inge

2617 5481 2796 5531 certes
2839 5481 2890 5531 olt

2326 2724 2486 2777 Denis
2518 2724 2542 2777 va
2518 2724 2958 2777 dat
2582 2724 3158 2777 diemen
3206 2724 3238 2777 a⸗

2254 2765 2378 2818 iekice
2415 2765 2863 2818 Bahn
2511 2765 3150 2818 anae
3179 2765 3230 2818 Lu

2273 2800 2315 2853 er
2365 2800 2415 2853 nra
2524 2800 2766 2853 ent
2791 2800 2916 2853 nbrdlce
2958 2800 3008 2853 ue
3050 2800 3242 2853 eutenete-

2268 2840 2378 2893 anton.
2422 2840 2474 2893 Der
2525 2840 2642 2893 Maatat
2672 2840 2862 2893 beabſchiate.
2884 2840 2950 2893 dieſe
2980 2840 3075 2893 beden
3104 2840 3244 2893 iadinccen

2253 2878 2477 2931 Siratenbahnen
2498 2878 2540 2931 im
2568 2878 2666 2931 Norden
2687 2878 2736 2931 und
2764 2878 2862 2931 Sden
2883 2878 2911 2931 u
2932 2878 3135 2931 verbinden,
3156 2878 3240 2931 ebe

2270 2913 2293 2966 ie
2270 2913 2354 2966 ie
2385 2913 2469 2966 Grote
2500 2913 2692 2966 Siratenbahn
2730 2913 2769 2966 der
2830 2913 3060 2966 aoaieſeiccatt
3083 2913 3137 2966 eie
3168 2913 3245 2966 ſolae

2252 2953 2417 3006 Verbiduna
2453 2953 2517 3006 chon
2539 2953 2876 3006 bentt
2654 2953 2697 3006 am
2733 2953 2998 3006 Die
3034 2953 3242 3006 Genehnggus

2276 2990 2283 3043 r
2312 2990 2510 3043 uveriuhruna
2540 2990 2584 3043 der
2620 2990 2811 3043 Siatenbahn
2833 2990 2892 3043 uber
2921 2990 2958 3043 die
2987 2990 3082 3043 Luden
3104 2990 3141 3043 iol
3163 2990 3244 3043 ſcon

2241 3025 2302 3078 vor
2363 3025 2397 3078 rs
2423 3025 2493 3078 vier
2536 3025 2649 3078 Wooen
2675 3025 2710 3078 gn
2736 3025 2745 3078 e
2771 3025 2857 3078 cbine
2875 3025 2883 3078 t
2901 3025 2953 3078 gto
2996 3025 3031 3078 tu
3074 3025 3118 3078 wet
3092 3025 3170 3078 en
3196 3025 3239 3078 en

2359 3064 2439 3117 arun
2463 3064 2503 3117 hat
2535 3064 2583 3117 ee
2679 3064 2751 3117 aner
2535 3064 2815 3117 der
2815 3064 2839 3117 Sioer
2839 3064 3239 3117 Siaderectenweranee

2271 3101 2301 3154 na
2331 3101 2421 3154 davon
2444 3101 2489 3154 noc
2534 3101 2601 3154 ken·
2661 3101 2804 3154 lMueeunna
2834 3101 2924 3154 aenaco
3021 3101 3029 3154 u
3014 3101 3066 3154 u
3111 3101 3149 3154 eie
3186 3101 3209 3154 ne

2242 3136 2278 3189 ſn
2602 3136 2611 3189 n
2638 3136 2971 3189 du
2935 3136 3007 3189 duo
3034 3136 3070 3189 da
3106 3136 3214 3189 cabne

1305 3926 1312 3969 c
1364 3926 1437 3969 wede
1459 3926 1510 3969 alo
1540 3926 1591 3969 nod
1628 3926 2090 3969 in
1679 3926 1753 3969 dieſer
1797 3926 1848 3969 och
1907 3926 1943 3969 ee
1995 3926 2097 3969 rauken
2134 3926 2178 3969 auu

1196 3963 1311 4006 wuchn
1334 3963 1380 4006 nir
1403 3963 1541 4006 erlanen.
1602 3963 1732 4006 Vielaict
1755 3963 1840 4006 haben
1878 3963 1924 4006 Sie
1955 3963 1985 4006 ia
2062 3963 2070 4006 s
2108 3963 2169 4006 dahi

1180 4000 1253 4043 ins
1286 4000 1728 4043 Beſeren
1425 4000 1556 4043 beſonen
1638 4000 1719 4043 uululn
1752 4000 1924 4043 Grtubaac·

1255 4039 1263 4082 .
1280 4039 1321 4082 Ss
1353 4039 1746 4082 aute
1468 4039 1599 4082 ſonelc
1681 4039 1746 4082 ie
1803 4039 1811 4082 ·
1844 4039 1926 4082 .aber
1950 4039 2098 4082 ineehin
2147 4039 2188 4082 S⸗

1188 4078 1265 4121 werdẽ
1311 4078 1349 4121 die
1372 4078 1457 4121 daht
1487 4078 1549 4121 cht
1572 4078 1687 4121 bereenen

1289 4115 1297 4158 s
1333 4115 1363 4158 wa
1429 4115 1730 4158 wei
1495 4115 1554 4158 ut.
1583 4115 1649 4158 ass
1679 4115 1708 4158 uu
1759 4115 1848 4158 wieder
1870 4115 1899 4158 au
1958 4115 1980 4158 ii
2017 4115 2105 4158 Srate
2127 4115 2186 4158 trat

1188 4152 1252 4195 Dri
1284 4152 1452 4195 en
1444 4152 1492 4195 no
1524 4152 1564 4195 b
1636 4152 1644 4195 r
1700 4152 1772 4195 biaht
1524 4152 2092 4195 des
1628 4152 2188 4195 nur

1185 4193 1234 4236 un
1269 4193 1360 4236 wenere
1395 4193 1661 4236 Kunſſammlunaen
1682 4193 1864 4236 auuſuchen,
1892 4193 1955 4236 dau
1991 4193 2040 4236 war
2054 4193 2082 4236 nie
2103 4193 2180 4236 inner

1187 4230 1224 4273 uch
1253 4230 1283 4273 zu
1312 4230 1437 4273 ermudet.
1503 4230 1627 4273 intuer
1701 4230 1745 4273 een.
1796 4230 1840 4273 Sie
1877 4230 1957 4273 wolue
1979 4230 2031 4273 mut
2053 4230 2192 4273 Gelaus—

1186 4267 1267 4310 aeben
1289 4267 1370 4310 lieber
1392 4267 1443 4310 aar
1465 4267 1531 4310 nicht
1553 4267 1605 4310 eit
1627 4267 1774 4310 aſangen.
1796 4267 1906 4310 ſondern
1935 4267 1987 4310 vas
2009 4267 2053 4310 ihr
2075 4267 2126 4310 von
2141 4267 2192 4310 den

1186 4305 1223 4348 dre
1245 4305 1582 4348 hunderundſecia
1560 4305 1582 4348 Ma
1663 4305 1700 4348 bri
1736 4305 1802 4348 beeb
1839 4305 1883 4348 ſur
1905 4305 1957 4348 den
1979 4305 2111 4348 dauhhat
2133 4305 2191 4348 ver

1195 4342 1310 4385 wenden.
1379 4342 1440 4385 uen
1463 4342 1609 4385 uienle
1640 4342 1724 4385 daaie
1770 4342 1778 4385 e
1801 4342 1839 4385 an
1862 4342 1947 4385 oric.
1993 4342 2062 4385 Wen
2100 4342 2116 4385 e
2139 4342 2185 4385 ds

1186 4382 1252 4425 iane
1282 4382 1458 4425 ernbalihen
1480 4382 1590 4425 tonnen.
1634 4382 1649 4425 mu
1678 4382 1730 4425 ihm
1774 4382 1906 4425 iſanmmien
1943 4382 1950 4425 u
1972 4382 2104 4425 tomee
2148 4382 2192 4425 eie

1180 4420 1273 4463 tonnte
1309 4420 1366 4463 ihm
1402 4420 1474 4463 einen
1509 4420 1681 4463 Dienſmann
1710 4420 1825 4463 ſchicen,
1853 4420 1911 4463 ihn
1947 4420 1982 4463 ein
2025 4420 2183 4463 Rendewous

1187 4456 1352 4499 veunmen.
1419 4456 1442 4499 er
1472 4456 1517 4499 wei
1539 4456 1614 4499 aber,
1637 4456 1667 4499 ob
1689 4456 1727 4499 hn
1742 4456 1787 4499 der
1817 4456 1990 4499 Diennmann
2005 4456 2072 4499 traf.
2110 4456 2192 4499 Damn

1196 4494 1295 4537 warieie
1318 4494 1349 4537 ſe
1372 4494 1518 4537 veraebens
1541 4494 1595 4537 und
1648 4494 1694 4537 rid
1733 4494 1802 4537 aate
1833 4494 2078 4537 ngelegenheuen,
2124 4494 2193 4537 wenn

1187 4531 1264 4574 adele
1287 4531 1340 4574 von
1363 4531 1394 4574 de
1440 4531 1570 4574 ooan
1632 4531 1662 4574 nd
1693 4531 1793 4574 vetan.

1289 4568 1342 4611 Mt
1373 4568 1465 4611 wuie.
1442 4568 1511 4611 e
1549 4568 1595 4611 war
1618 4568 1664 4611 das
1695 4568 1764 4611 ihe
1818 4568 1825 4611 i
1917 4568 1925 4611 r
1948 4568 1986 4611 die
2009 4568 2193 4611 Sawaaerin.

1210 4607 1233 4650 ir
1279 4607 1348 4650 Rame
1379 4607 1463 4650 alen
1509 4607 1571 4650 euie
1609 4607 1686 4650 udele
1717 4607 1755 4650 bis
1793 4607 1839 4650 ur
1870 4607 2108 4650 Beukloſnaten.
2185 4607 2192 4650 r

1186 4646 1268 4689 durne
1291 4646 1328 4689 in
1351 4646 1433 4689 oauſe
1456 4646 1598 4689 ſhon
1553 4646 1628 4689 lange
1658 4646 1718 4689 nicht
1741 4646 1816 4689 nehr
1831 4646 1951 4689 genannt
1974 4646 2086 4689 werden.
2116 4646 2184 4689 les

1194 4685 1238 4728 was
1267 4685 1348 4728 Halm
1384 4685 1436 4728 hies
1473 4685 1531 4728 oder
1568 4685 1693 4728 aeheßen
1715 4685 1781 4728 haee
1847 4685 1877 4728 mt
1906 4685 1994 4728 einen
2023 4685 2097 4728 Haln
2134 4685 2192 4728 ver—

1191 4723 1270 4766 wandt
1306 4723 1363 4766 oder
1392 4723 1585 4766 vercwagert
1614 4723 1657 4766 war
1700 4723 1736 4766 ſah
1772 4723 1801 4766 in
1836 4723 1872 4766 ir
1908 4723 1958 4766 nur
1987 4723 2023 4766 die
2059 4723 2188 4766 iutenloſe

1210 4759 1389 4802 etrein.
1414 4759 1465 4802 nit
1482 4759 1525 4802 det
1550 4759 1899 4802 vie
1610 4759 2163 4802 auhhliahoe
1933 4759 2069 4802 Beuhrun
2129 4759 2189 4802 aen

1182 4798 1351 4841 beſchmutte.

1268 4837 1734 4883 Dann
1376 4837 1404 4883 fe
1490 4837 1512 4883 u
1591 4837 1734 4883 inenhort
1763 4837 1835 4883 ein.¶
1870 4837 2035 4883 Eimentor.
2064 4837 2107 4883 das
2164 4837 2186 4883 ar

1178 4873 1224 4919 das
1270 4873 1385 4919 ning.
1447 4873 1485 4919 in
1508 4873 1615 4919 erteue
1638 4873 1669 4919 ſe
1692 4873 1761 4919 durh
1807 4873 1868 4919 hten
1930 4873 2006 4919 ſuc..
2098 4873 2190 4919 tonte

1178 4913 1229 4959 nac
1310 4913 1317 4959 i
1369 4913 1479 4959 ſaicen
1515 4913 1581 4959 ohne
1603 4913 1655 4959 daß
1677 4913 1706 4959 es
1728 4913 1831 4959 aufie.
1860 4913 1904 4959 und
1948 4913 1992 4959 war
2014 4913 2058 4959 der
2088 4913 2191 4959 Bruder

1181 4950 1253 4996 nct
1269 4950 1333 4996 aun
1341 4950 1445 4996 ſfnden
1469 4950 1613 4996 ues
1549 4950 1613 4996 is
1653 4950 1693 4996 nt
1709 4950 1765 4996 den
1789 4950 1877 4996 alten,
1965 4950 2013 4996 noh
2045 4950 2141 4996 iner
2165 4950 2189 4996 ſo

1177 4988 1327 5034 eigebeneñ
1380 4988 1470 5034 eende
1500 4988 1567 5034 mcht
1590 4988 1642 5034 ibel
1672 4988 1808 5034 vladern.

1282 5025 1340 5071 mn
1374 5025 1449 5071 mut·
1499 5025 1574 5071 eetna
1615 5025 1732 5071 tuneen
1765 5025 1807 5071 ehe
1857 5025 1907 5071 Wes
1940 5025 1974 5071 ſo
2007 5025 2191 5071 ſalemn

1189 5065 1317 5111 Shrtts
1365 5065 1421 5111 attẽ
1445 5065 1493 5111 uid
1533 5065 1549 5111 u
1573 5065 1661 5111 ofnen
1685 5065 1717 5111 ae
1717 5065 1805 5111 rnie

1264 5102 1306 5148 us
1339 5102 1364 5148 er
1414 5102 1464 5148 nun
1498 5102 1614 5148 acwain
1673 5102 1756 5148 mu
1706 5102 1823 5148 e
1764 5102 1873 5148 u
1814 5102 1923 5148 er
1881 5102 1923 5148 oer
1956 5102 1998 5148 das
2031 5102 2181 5148 ae
2131 5102 2181 5148 ale

1180 5143 1337 5189 vertnifene
1395 5143 1474 5189 enct.

1303 5177 1328 5223 ee
1378 5177 1386 5223 o
1420 5177 1486 5223 vil
1528 5177 1603 5223 nſer
1620 5177 1720 5223 droue
1737 5177 1804 5223 n
1795 5177 1862 5223 ni.
1887 5177 1970 5223 edlo
2021 5177 2071 5223 nat
2112 5177 2162 5223 lede

1208 5217 1231 5263 ee
1278 5217 1325 5263 was
1349 5217 1396 5263 der
1419 5217 1482 5263 oen
1576 5217 1670 5263 fteien
1701 5217 1788 5263 vior

1261 5254 2185 5300 ud
1343 5254 1409 5300 dabe
1441 5254 1572 5300 aaieee
1564 5254 1613 5300 e
1597 5254 1646 5300 d
1638 5254 1719 5300 d
1695 5254 1777 5300 ua
1793 5254 1801 5300 d
1793 5254 1842 5300 r
1834 5254 1899 5300 r
1891 5254 1989 5300 lr
2030 5254 2063 5300 oe
2030 5254 2112 5300 de
2104 5254 2153 5300 e
2177 5254 2185 5300 d

1181 5296 1265 5342 ſchien
1286 5296 1314 5342 ie
1342 5296 1391 5342 aar
1419 5296 1482 5342 ncht
1531 5296 1601 5342 ieder
1622 5296 1755 5342 lollaſen
1790 5296 1804 5342 u
1839 5296 1937 5342 wolen.

1284 5333 1322 5379 lu
1399 5333 1468 5379 acn·
1506 5333 1537 5379 ſio
1583 5333 1683 5379 lacen
1737 5333 1783 5379 ftei
1583 5333 1867 5379 und
1898 5333 1990 5379 fagte.
2021 5333 2051 5379 ob
2097 5333 2105 5379 e
2128 5333 2167 5379 au

1181 5371 1349 5417 reteelſnen
1421 5371 1493 5417 eden
1533 5371 1621 5417 vurde
1661 5371 1725 5417 oder
1765 5371 1789 5417 ob
1837 5371 2037 5417 oen
1941 5371 2109 5417 eunenot
2157 5371 2181 5417 be

1172 5410 1292 5456 ſchaftiat
1319 5410 1359 5456 ſei.

1261 5444 1270 5490 S
1348 5444 1434 5490 tuatt·
1495 5444 1521 5490 er
1556 5444 1617 5490 aule
1669 5444 1808 5490 n
1747 5444 1825 5490 nhnmſ
1860 5444 1981 5490 en
1955 5444 2111 5490 elehhet
2146 5444 2155 5490 d

1174 5484 1277 5530 aen
1316 5484 1387 5530 eo.

2372 3298 2379 3344 ·
2410 3298 2986 3344 iaet
2540 3298 2548 3344 -
2586 3298 2617 3344 de
2656 3298 2702 3344 vet
2732 3298 2740 3344 ·
2763 3298 2794 3344 ge
2863 3298 2870 3344 ſ
2947 3298 2986 3344 dt
3024 3298 3147 3344 vtnloen
3200 3298 3239 3344 iat

2276 3332 2359 3378 uan
2374 3332 2449 3378 bit
2486 3332 2891 3378 duwa
2621 3332 2944 3378 n
2666 3332 2674 3378 —
2719 3332 3056 3378 ot
3086 3332 3154 3378 it
3176 3332 3244 3378 gee

2275 3367 2475 3413 verſoidene
2515 3367 2669 3413 vevorden
2695 3367 2742 3413 ie
2776 3367 2909 3413 voriau·
2929 3367 2969 3413 det
2996 3367 3069 3413 Kione
3096 3367 3249 3413 untebtenet

2277 3399 2358 3445 deben
2372 3399 2380 3445 .
2394 3399 2431 3445 .
2497 3399 2916 3445 et
2887 3399 2916 3445 dε
2791 3399 3210 3445 inetn
3122 3399 3136 3445 r
3173 3399 3247 3445 een

2277 3433 2938 3479 de
2357 3433 2504 3479 Dearauua
2544 3433 2604 3479 eis
2644 3433 2831 3479 Ziitdeamt
2838 3433 2871 3479 en
2911 3433 2958 3479 dir
2965 3433 2971 3479 ·
2978 3433 3072 3479 genden
3112 3433 3245 3479 vorſllge

2277 3467 2631 3513 acae
2437 3467 2691 3513 den
2738 3467 2818 3513 Nilſna
2838 3467 2985 3513 ttabinis
2758 3467 3105 3513 unrle
3118 3467 3218 3513 cen
3192 3467 3245 3513 nmut.

2277 3501 2355 3547 inden
2388 3501 2420 3547 die
2466 3501 2648 3547 mlaarue
2700 3501 2817 3547 ieulune
2849 3501 2901 3547 und
2966 3501 3155 3547 eragande
3207 3501 3246 3547 de

2277 3532 2323 3578 bar
2331 3532 2339 3578 ·
2362 3532 2668 3578 edn
2492 3532 2960 3578 eradnuen
2661 3532 2668 3578 n
2699 3532 2745 3578 ene
2806 3532 2837 3578 a
2875 3532 2960 3578 oioig
2968 3532 3052 3578 deneen
3098 3532 3198 3578 nennt
3213 3532 3251 3578 e—

2301 3568 2353 3614 aai
2399 3568 2444 3614 id.
2470 3568 2490 3614 ſo
2516 3568 2568 3614 toua
2594 3568 2646 3614 daſ
2659 3568 2678 3614 lb
2685 3568 2698 3614 ·
2730 3568 2808 3614 ioran
2834 3568 2926 3614 ſeden
2952 3568 2991 3614 an
3004 3568 3062 3614 dete
3121 3568 3147 3614 x·
3160 3568 3244 3614 ſtort—

2294 3601 2300 3647 m
2345 3601 2376 3647 in
2383 3601 2389 3647 e
2402 3601 2408 3647 t
2433 3601 2478 3647 imd
2509 3601 2579 3647 ſeibn
2611 3601 2661 3647 dem
2680 3601 2687 3647 g
2712 3601 2718 3647 ·
2731 3601 2915 3647 iotazler
2947 3601 3054 3647 vaiiten.
3111 3601 3181 3647 wude
3200 3601 3244 3647 das

2277 3633 2354 3679 bona
2382 3633 2536 3679 votonmen
2578 3633 2585 3679 o
2613 3633 2704 3679 ſaione
2725 3633 2774 3679 die·
2795 3633 2865 3679 elnen
2914 3633 3012 3679 innlut
3033 3633 3082 3679 des
3131 3633 3236 3679 naguar
3243 3633 3250 3679 ·

2274 3669 2413 3715 tabines
2451 3669 2502 3715 aut
2534 3669 2559 3715 dt
2616 3669 2711 3715 nneee
2375 3669 2952 3715 erwaltnna
2990 3669 3034 3715 in.
3066 3669 3085 3715 ſo
2534 3669 3167 3715 det
3205 3669 3250 3715 gue

2289 3701 2348 3747 il
2341 3701 2400 3747 len
2445 3701 2634 3747 Keoonminer
2666 3701 2712 3747 aut
2738 3701 2816 3747 daran
2842 3701 2907 3747 ihun
2933 3701 3004 3747 vude
3024 3701 3030 3747 ,
3056 3701 3082 3747 ve
3115 3701 3180 3747 iren
3212 3701 3238 3747 Be

2295 3734 2569 3780 aiunaavoonllan
2555 3734 2755 3780 n
2602 3734 2622 3780 in
2675 3734 2755 3780 utt
2782 3734 3049 3780 det
2849 3734 2949 3780 voiot
2969 3734 3056 3780 dalhet
3122 3734 3176 3780 vot
3202 3734 3249 3780 die

2300 3764 2418 3810 neiia
2559 3764 2739 3810 mnnnnaati
2732 3764 2810 3810 in·
2896 3764 2998 3810 nelei.
3038 3764 3100 3810 vein
3132 3764 3140 3810 t
3147 3764 3155 3810 ·
2747 3764 3210 3810 n
3202 3764 3249 3810 il

2318 4191 2326 4233 .
2373 4191 2404 4233 er
2498 4191 2569 4233 denmn
2600 4191 2640 4233 die
2671 4191 2749 4233 Dane
2796 4191 2844 4233 auf
2867 4191 2898 4233 die
2883 4191 2977 4233 ie
2930 4191 3087 4233 enen
3118 4191 3126 4233 o
3165 4191 3244 4233 urat

2244 4228 2321 4270 baren
2352 4228 2421 4270 Zorn
2444 4228 2544 4270 haben.
2605 4228 2613 4270 e
2651 4228 2674 4270 r

2320 4265 2448 4307 .Same!
2485 4265 2508 4307 ai
2568 4265 2605 4307 io,
2643 4265 2726 4307 na
2703 4265 2741 4307 ja.
2801 4265 2853 4307 Das
2898 4265 2906 4307 n
2936 4265 2973 4307 die
3003 4265 3071 4307 drn
3109 4265 3161 4307 von
3214 4265 3221 4307 ee

2260 4303 2490 4345 necianwa.¶
2528 4303 2605 4345 Zud·
2643 4303 2697 4345 Sa
2758 4303 3096 4345 bett
2543 4303 2904 4345 iee
3127 4303 3134 4345 i
3180 4303 3250 4345 aue·

2244 4343 2344 4385 hauen.
2382 4343 2436 4385 Das
2467 4343 2543 4385 tett,
2566 4343 2613 4385 das
2659 4343 2827 4385 on
2850 4343 2935 4385 lanaſt
2958 4343 3096 4385 aelcheven
3111 4343 3173 4385 ſen.
3211 4343 3242 4385 S—

2244 4382 2323 4424 lange
2358 4382 2423 4424 haut
2452 4382 2531 4424 unſer
2559 4382 2624 4424 Herr
2660 4382 2681 4424 fa
2739 4382 2846 4424 ieeu
2868 4382 2903 4424 ber
2939 4382 2961 4424 ie
2982 4382 3083 4424 tomn
3104 4382 3126 4424 ia
3154 4382 3248 4424 immer

2259 4419 2345 4461 wieder
2367 4419 2417 4461 und
2445 4419 2510 4461 tonn
2539 4419 2603 4461 nicht
2618 4419 2704 4461 genua
2725 4419 2833 4461 trien.
2861 4419 2912 4461 und
2933 4419 3026 4461 inmer
3055 4419 3134 4461 wieder
3155 4419 3249 4461 tonnt

2252 4455 2552 4497 ie
2957 4455 3002 4497 musz
3024 4455 3069 4497 fe:
3092 4455 3167 4497 deute
3204 4455 3242 4497 nt

2245 4493 2277 4535 ſe
2301 4493 2373 4535 int.
2453 4493 2509 4535 nen
2533 4493 2605 4535 Sie
2645 4493 2821 4535 uuleincee,
2853 4493 2949 4535 da
2917 4493 2965 4535 var
2989 4493 3085 4535 neulh
3117 4493 3157 4535 der
3213 4493 3253 4535 te—

2243 4531 2322 4573 ſeiot
2345 4531 2400 4573 dier
2486 4531 2557 4573 uier
2596 4531 2721 4573 vioſenor
2737 4531 2745 4573 .

2430 4568 2499 4610 leate
2530 4568 2591 4610 den
2607 4568 2691 4610 auten
2707 4568 2745 4610 die
2768 4568 2837 4610 oand
2868 4568 2914 4610 auf
2929 4568 2975 4610 den
3021 4568 3075 4610 en.
3121 4568 3251 4610 Aufeereat

2245 4605 2547 4647 fat
2376 4605 2400 4647 e:
2604 4605 2637 4647 Wie
2662 4605 2703 4647 ſah
2727 4605 2743 4647 e
2776 4605 2809 4647 au
2882 4605 2932 4647 Weit
2956 4605 2964 4647 r
2972 4605 2981 4647 ·

2320 4644 2376 4686 .aa
2424 4644 2472 4686 iio
2528 4644 2584 4686 nade
2648 4644 2768 4686 ootra.
2872 4644 2904 4686 en
2936 4644 2984 4686 eie.
3048 4644 3160 4686 ihnten,
3224 4644 3249 4686 ir

2258 4685 2351 4727 Druder
2394 4685 2437 4727 hat
2466 4685 2516 4727 auc
2574 4685 2638 4727 teiie
2703 4685 2810 4727 Menua
2853 4685 2903 4727 von
2939 4685 2982 4727 der
3018 4685 3047 4727 da
3104 4685 3154 4727 ei.
3219 4685 3248 4727 So

2258 4722 2300 4764 was
2342 4722 2412 4764 lauft
2454 4722 2482 4764 nu
2524 4722 2580 4764 rum
2468 4722 2664 4764 und
2706 4722 2748 4764 jut
2783 4722 2825 4764 fur
2874 4722 2902 4764 ne
2937 4722 3042 4764 ehrbare
3077 4722 3147 4764 Frau
3196 4722 3245 4764 und

2258 4758 2348 4800 omt
2378 4758 2476 4800 uberaa
2513 4758 2558 4800 hin
2378 4758 2641 4800 ud
2708 4758 2746 4800 id
2798 4758 2828 4800 nut
2866 4758 2949 4800 dehun
3009 4758 3031 4800 nd
3076 4758 3159 4800 heitas
3196 4758 3256 4800 aut·

2243 4797 2412 4839 aenonmen
2448 4797 2463 4839 —
2485 4797 2537 4839 und
2573 4797 2625 4839 was
2654 4797 2691 4839 in
2720 4797 2838 4839 dahinter
2904 4797 2918 4839 —
2940 4797 3087 4839 jarnidis!
3139 4797 3153 4839 S
3197 4797 3249 4839 ein

2251 4834 2351 4876 tebrs
2374 4834 2450 4876 ioler
2473 4834 2512 4876 als
2542 4834 2665 4876 nanches
2696 4834 2765 4876 arne
2811 4834 2926 4876 Madcen.
2949 4834 3010 4876 den
3048 4834 3087 4876 on
3117 4834 3171 4876 nen
3194 4834 3248 4876 va—

2250 4874 2401 4916 naielaat
2451 4874 2501 4916 id,
2530 4874 2580 4916 und
2609 4874 2688 4916 dabet
2731 4874 2774 4916 oam
2802 4874 2910 4916 beauem
2931 4874 2982 4916 und
3010 4874 3154 4916 nebenher,
3190 4874 3254 4916 ohne

2250 4911 2294 4953 dat
2331 4911 2375 4953 ihr
2419 4911 2463 4953 was
2493 4911 2603 4953 vanet.
2661 4911 2698 4953 Sie
2735 4911 2779 4953 dat
2808 4911 2830 4953 ia
2874 4911 2970 4953 n
2933 4911 3007 4953 Mann,
3029 4911 3080 4953 und
3117 4911 3190 4953 wenn
3212 4911 3256 4953 de

2274 4948 2343 4990 Mann
2366 4948 2435 4990 iers
2466 4948 2773 4990 aefalen
2804 4948 2880 4990 ſehrs
2911 4948 2980 4990 denn
3034 4948 3041 4990 o
3126 4948 3172 4990 was
3203 4948 3210 4990 a

2257 4988 2300 5030 Der
2336 4988 2393 5030 ſoll
2422 4988 2551 5030 ubrgens
2587 4988 2615 5030 oo
2701 4988 2723 5030 ne
2694 4988 2859 5030 ne
2902 4988 2974 5030 Kute
3010 4988 3074 5030 ſein.
3110 4988 3153 5030 der
3189 4988 3254 5030 Hert

2275 5024 2467 5066 ectowal.
2513 5024 2666 5066 Die
2620 5024 2766 5066 uueedtoſe
2796 5024 3026 5066 haie
2904 5024 2957 5066 in
2988 5024 3111 5066 die
3065 5024 3111 5066 ole
3164 5024 3256 5066 abee

2252 5063 2277 5105 oo
2252 5063 2377 5105 o
2386 5063 2444 5105 ſi
2461 5063 2527 5105 ben.
2586 5063 2644 5105 Aer
2669 5063 2719 5105 uun
2744 5063 2769 5105 i
2794 5063 3019 5105 die
2861 5063 2936 5105 bauy
2952 5063 3019 5105 ſace
3078 5063 3111 5105 wte
3161 5063 3253 5105 weren

2258 5101 2294 5143 wit
2337 5101 2352 5143 e
2373 5101 2431 5143 ior

1264 2927 1307 2980 uis
1343 2927 1407 2980 aber
1443 2927 1479 2980 die
1508 2927 1752 2980 Vottswirihiaft
1781 2927 1831 2980 aus
1867 2927 1924 2980 den
1953 2927 2039 2980 engen
2082 2927 2190 2980 Rahmen

1183 2963 1229 3016 der
1283 2963 1337 3016 idd
1413 2963 1421 3016 d
1482 2963 1782 3016 eruoriawwhſaſſt
1759 2963 1828 3016 in
1820 2963 1858 3016 e
1851 2963 1904 3016 e·
1897 2963 1943 3016 n
1935 2963 2073 3016 iawaa·
2096 2963 2188 3016 volte·

1207 3003 1509 3056 iraina.
1530 3003 1645 3056 budeten
1667 3003 1688 3056 ii
1739 3003 1803 3056 nene
1832 3003 1947 3056 Beiriebo
1968 3003 2061 3056 yneme
2076 3003 2169 3056 leras

1178 3039 1216 3092 die
1238 3039 1268 3092 di
1238 3039 1463 3092 die
1418 3039 1606 3092 Eieicterua
1628 3039 1673 3092 des
1711 3039 1786 3092 Vere
1793 3039 1831 3092 ns
1861 3039 1913 3092 eine
1936 3039 2063 3092 matne
2056 3039 2183 3092 eoone·

1193 3077 1246 3130 na
1268 3077 1411 3130 erutren.
1456 3077 1508 3130 Das
1546 3077 1599 3130 enẽ
1501 3077 1651 3130 in
1674 3077 1719 3130 das
1756 3077 1891 3130 Verlaas
1899 3077 1951 3130 ſen
1989 3077 2049 3130 oer
2087 3077 2124 3130 de
2154 3077 2184 3130 o—

1217 3109 1298 3162 öu
1343 3109 1397 3162 oi
1658 3109 1739 3162 ader
1775 3109 1802 3162 de
1847 3109 2036 3162 bütbetet

2325 1701 2439 1747 va
2431 1701 2439 1747 a
2505 1701 2513 1747 a
2415 1701 2586 1747 die
2619 1701 2668 1747 vier
2701 1701 2709 1747 i
2750 1701 2848 1747 tuen
2872 1701 2962 1747 gieen
2986 1701 3133 1747 aaiheer
2815 1701 3150 1747 e
3207 1701 3240 1747 nt

2253 1743 2375 1789 wiaeluna
2411 1743 2461 1789 nun
2483 1743 2719 1789 ſeibſwerſaanc
2777 1743 2834 1789 nct
2856 1743 2877 1789 ſo
2906 1743 2935 1789 n
2956 1743 3057 1789 deteen
2956 1743 3135 1789 daß
3164 1743 3229 1789 durs

2246 1779 2291 1825 das
2321 1779 2463 1825 uſireien
2478 1779 2621 1825 einer
2576 1779 2659 1825 neuen
2644 1779 2651 1825 n
2719 1779 2891 1825 eiedoeee
2914 1779 2996 1825 ſoiott
3019 1779 3057 1825 die
3079 1779 3162 1825 aluere
3184 1779 3214 1825 u

2254 1817 2449 1863 Veacwinden
2472 1817 2592 1863 aebract
2622 1817 2712 1863 wude.
2757 1817 2802 1863 Das
2832 1817 2952 1863 aeihiett
2967 1817 3057 1863 ebenſe
3087 1817 3169 1863 weing.
3207 1817 3229 1863 i

2246 1856 2305 1902 eia
2334 1856 2400 1902 durch
2430 1856 2459 1902 di
2547 1856 2642 1902 iduna
2672 1856 2716 1902 der
2738 1856 2899 1902 eletrichen
2929 1856 3046 1902 Bahnen
3061 1856 3097 1902 de
3134 1856 3244 1902 Dot

2239 1894 2356 1940 bahnen.
2393 1894 2452 1940 durc
2503 1894 2562 1940 diee
2599 1894 2635 1940 die
2672 1894 2760 1940 Vonen
2790 1894 2841 1940 und
2885 1894 3039 1940 Laſtwgaen
3076 1894 3106 1940 x.
3128 1894 3245 1940 beeii

2268 1932 2327 1978 otde
2415 1932 2445 1978 d.
2496 1932 2547 1978 Aber
2577 1932 2643 1978 aewi
2665 1932 2753 1978 er
2709 1932 2937 1978 derunaen
2966 1932 3017 1978 ſud
3047 1932 3157 1978 nauric
3201 1932 3238 1978 u

2242 1969 2250 2015 d
2325 1969 2467 2015 auſreen
2325 1969 2542 2015 ee
2592 1969 2668 2015 taien
2701 1969 2926 2015 detiebonteuns
2960 1969 2985 2015 tn
2701 1969 3052 2015 den
3077 1969 3168 2015 dieher
3185 1969 3235 2015 ver

2241 2006 2375 2052 iadenei
2406 2006 2618 2052 unwerneli.

1077 4001 1120 4034 i5

206 4030 242 4063 so
821 4030 867 4063 ſgh
949 4030 1013 4063 lon
1050 4030 1124 4063 giit.

129 4078 194 4111 ates
244 4078 302 4111 mehr
337 4078 495 4111 aeabenet,
531 4078 639 4111 denos
689 4078 783 4111 mbchte
818 4078 840 4111 ic
890 4078 933 4111 Sie
962 4078 1012 4111 un
1041 4078 1127 4111 Jhren

174 4114 199 4147 ig
231 4114 329 4147 buin.
386 4114 427 4147 Ee
460 4114 501 4147 dat
525 4114 705 4147 ene
705 4114 738 4147 auenge
738 4114 811 4147 euer
844 4114 934 4147 Saoer
958 4114 1032 4147 fertis
1056 4114 1064 4147 ·

198 4155 224 4188 Er
244 4155 398 4188 unterbrach
424 4155 458 4188 ſie
484 4155 565 4188 raſch.

183 4188 260 4221 ir
291 4188 375 4221 varen
398 4188 436 4221 be
490 4188 567 4221 hnen.
605 4188 736 4221 dianlan
767 4188 905 4221 hrimtah
981 4188 1035 4221 von
1066 4188 1127 4221 den

139 4227 308 4260 olen
338 4227 622 4260 eie
423 4227 446 4260 io
492 4227 553 4260 niht
584 4227 706 4260 tnnen.
752 4227 783 4260 wie
814 4227 821 4260 e
860 4227 1121 4260 ſaen

107 4266 295 4299 auuteelen
325 4266 370 4299 und
407 4266 437 4299 u
475 4266 617 4299 vekauten
655 4266 782 4299 eſcheit
842 4266 910 4299 hrem
962 4266 1037 4299 Etae
1112 4266 1120 4299 u

106 4305 309 4338 unbedend.
344 4305 414 4338 Reues
449 4305 533 4338 haben
568 4305 610 4338 Sie
631 4305 701 4338 niht
722 4305 869 4338 aeſchaffen
883 4305 953 4338 ..

195 4340 259 4373 vln
291 4340 643 4373 beehie
699 4340 867 4373 afuicken.
947 4340 955 4373 .

216 4380 244 4413 So
272 4380 356 4413 bleit
377 4380 440 4413 eben
468 4380 517 4413 nur
545 4380 587 4413 ein
622 4380 734 4413 Viertes.
776 4380 818 4413 wir
839 4380 1021 4413 vereinbaren
1042 4380 1119 4413 etwas

118 4415 298 4448 venntes,
320 4415 373 4448 auf
388 4415 665 4448 das
478 4415 515 4448 wir
538 4415 590 4448 uns
613 4415 665 4448 das
688 4415 770 4448 nRect
793 4415 838 4448 dur
890 4415 943 4448 ee
935 4415 973 4448 e
965 4415 1123 4448 uahahns

110 4453 245 4486 etanten.
290 4453 388 4486 uuders
418 4453 530 4486 ſeenen
568 4453 605 4486 wir
628 4453 651 4486 ia
681 4453 726 4486 doc
763 4453 831 4486 niht
876 4453 898 4486 nu
936 4453 1026 4486 Shnen
1048 4453 1108 4486 feri

110 4492 138 4525 u
173 4492 278 4525 werden.
341 4492 397 4525 nate
418 4492 446 4525 er
495 4492 677 4525 ebenowdis
705 4492 817 4525 laheind
845 4492 936 4525 humu.

195 4529 330 4562 Sie
262 4529 337 4562 batte
360 4529 427 4562 nict
450 4529 495 4562 das
532 4529 600 4562 oern
637 4529 697 4562 aleic
735 4529 750 4562 .
772 4529 825 4562 Ren
832 4529 847 4562 ·
930 4529 1020 4562 ſagen.
1072 4529 1125 4562 Ver—

112 4568 207 4601 denen
229 4568 317 4601 mute
354 4568 391 4601 ie.
427 4568 471 4601 Die
501 4568 662 4601 Vebbddua
714 4568 743 4601 nt
523 4568 941 4601 erbenhein
970 4568 1022 4601 war
1036 4568 1132 4601 aelon.

152 4606 247 4639 eeleicht
284 4606 328 4639 war
365 4606 416 4639 dies
446 4606 541 4639 eiwas.
585 4606 629 4639 was
680 4606 688 4639 e
717 4606 901 4639 ubernehmen
923 4606 1025 4639 tonnte,
1062 4606 1113 4639 ohn

117 4641 223 4674 mchee
248 4641 272 4674 u
305 4641 411 4674 nuſen,
436 4641 485 4674 das
509 4641 534 4674 es
591 4641 616 4674 ra
681 4641 804 4674 venletie

213 4682 248 4715 Jo
290 4682 374 4715 dachie
409 4682 444 4715 an
479 4682 535 4715 eine
577 4682 640 4715 Reite
668 4682 724 4715 von
752 4682 969 4715 Sudientopfen
990 4682 1039 4715 mit
1053 4682 1123 4715 ſym⸗

134 4717 281 4750 eliingen
347 4717 437 4750 einet
478 4717 535 4750 oder
568 4717 649 4750 beſer
682 4717 756 4750 noh,
788 4717 862 4750 duro
895 4717 935 4750 h
895 4717 1034 4750 ſelut
1058 4717 1124 4750 ſmu—

116 4757 388 4790 volintend
403 4757 469 4790 .
432 4757 469 4790 ..

231 4789 239 4822 r
300 4789 344 4822 ue
335 4789 344 4822 ·
396 4789 456 4822 i
500 4789 509 4822 a
578 4789 587 4822 e
578 4789 630 4822 e
656 4789 717 4822 ied
769 4789 787 4822 n.

193 4832 275 4865 inen
298 4832 365 4865 uune
373 4832 718 4865 nblie
748 4832 928 4865 veeieiiuua
958 4832 1011 4865 und
1033 4832 1123 4865 innere

140 4871 317 4904 ennaiuuus
353 4871 405 4904 ube
449 4871 493 4904 ir
559 4871 640 4904 enht.
691 4871 772 4904 Dann
801 4871 978 4904 veranderten
1014 4871 1044 4904 ich
1073 4871 1124 4904 ihre

115 4909 185 4942 sige
227 4909 332 4942 lolic,
360 4909 563 4942 nd
430 4909 668 4942 haſlla
696 4909 766 4942 ſaate
801 4909 843 4942 ie:

191 4945 260 4978 .Aei
314 4945 390 4978 laſien
421 4945 459 4978 vwr
490 4945 574 4978 das.¶
605 4945 643 4978 Zo
674 4945 758 4978 taue
797 4945 850 4978 iaht
896 4945 912 4978 u
935 4945 1034 4978 aroken
1065 4945 1126 4978 uſ.

114 4985 221 5018 aaben.
286 4985 343 5018 und
386 4985 458 5018 dann
487 4985 522 5018 iio
565 4985 594 5018 n
637 4985 687 5018 enee
752 4985 852 5018 Laeen
917 4985 1038 5018 igeend,
1074 4985 1125 5018 das

128 5021 218 5054 utulhh
263 5021 330 5054 eem
383 5021 533 5054 eier
481 5021 533 5054 war
563 5021 616 5054 urd
661 5021 736 5054 nicis
773 5021 826 5054 von
864 5021 991 5054 Biertẽt
1021 5021 1059 5054 an
1081 5021 1119 5054 na

114 5060 180 5093 hute
283 5060 371 5093 Laſen
415 5060 459 5093 eie
510 5060 547 5093 iih
613 5060 664 5093 uba
716 5060 752 5093 ve
818 5060 899 5093 eenen
943 5060 1112 5093 Annison

147 5097 207 5130 rten
237 5097 282 5130 nd
327 5097 492 5130 dergleicen
514 5097 927 5130 angene
1077 5097 1129 5130 ein

143 5136 164 5169 ie
199 5136 255 5169 mich
297 5136 374 5169 daſur
409 5136 535 5169 brauchen
570 5136 675 5169 tonnen
724 5136 738 5169 —
773 5136 829 5169 von
899 5136 1046 5169 erbenhelm
1081 5136 1123 5169 bin

107 5171 122 5204 i
197 5171 227 5204 e.
632 5171 662 5204 mor
362 5171 737 5204 und
827 5171 872 5204 ſib
925 5171 970 5204 den
1022 5171 1127 5204 eſallen

110 5210 156 5243 und
187 5210 310 5243 tenen
333 5210 371 5243 Sie
402 5210 494 5243 herans
525 5210 571 5243 und
601 5210 678 5243 ſehen
694 5210 740 5243 Sie
755 5210 770 5243 ſ
847 5210 901 5243 ies
955 5210 1031 5243 aaen
1054 5210 1100 5243 an.

204 5249 240 5282 ee
277 5249 321 5282 war
343 5249 549 5282 auſeſlanden.
578 5249 652 5282 Belde
681 5249 798 5282 ichlugen
821 5249 872 5282 den
909 5249 1019 5282 itaea
1048 5249 1092 5282 dur

110 5287 187 5320 een
210 5287 340 5320 ſonaen
410 5287 456 5320 t
502 5287 632 5320 niwerten
663 5287 855 5320 volleneeuten
870 5287 947 5320 Gana
978 5287 1016 5320 deñ
1054 5287 1123 5320 aus—

110 5326 404 5359 aanee
233 5326 247 5359 u
275 5326 329 5359 em.
370 5326 534 5359 eeprocen
569 5326 651 5359 wurde
678 5326 740 5359 nict
767 5326 835 5359 mehr
856 5326 918 5359 viel.

197 5362 232 5395 de
501 5362 544 5395 eer
570 5362 622 5395 an
657 5362 779 5395 ſchenuic
831 5362 970 5395 eunmt.
1004 5362 1091 5395 Demo

192 5407 238 5440 nen
284 5407 460 5440 eteeende
529 5407 690 5440 onnnenten
284 5407 866 5440 eraaen
912 5407 958 5440 ven
1004 5407 1112 5440 bereus

144 5447 305 5480 igieeen
236 5447 305 5480 en
428 5447 512 5480 dieſe·
619 5447 727 5480 au
788 5447 873 5480 wſa
911 5447 1088 5480 uenenlii

126 5484 320 5517 acaeleeert.

1177 1369 1218 1416 de
1267 1369 1332 1416 orn
1365 1369 1405 1416 des
1438 1369 1610 1416 banerulcen
1659 1369 1830 1416 iinaeverbe
1838 1369 1847 1416 s
1887 1369 2067 1416 anunehnmen
2116 1369 2181 1416 canm

1177 1408 1242 1455 aber
1267 1408 1291 1455 an
1349 1408 1602 1455 andere
1504 1408 1651 1455 n
1553 1408 1766 1455 inenaene
1791 1408 1962 1455 eiulohlegen.

1286 1448 1293 1495 n
1257 1448 1345 1495 se
1323 1448 1440 1495 lieren
1462 1448 1536 1495 dale
1558 1448 1683 1495 tommen
1712 1448 1749 1495 wir
1778 1448 1807 1495 u
1829 1448 1873 1495 der
1895 1448 2189 1495 Gnwiceiunnaoſnufe.

1176 1486 1220 1533 ie
1279 1486 1389 1533 ioteſor
1433 1486 1528 1533 Buder
1557 1486 1631 1533 as,
1667 1486 1807 1533 ohnwerr
1836 1486 1888 1533 beie
1836 1486 1976 1533 bereicnet
1998 1486 2042 1533 und
2071 1486 2108 1533 die
2130 1486 2181 1533 aus

1213 1524 1337 1571 ooeeaers
1418 1524 1492 1571 hahrtee
1558 1524 1653 1571 aulam
1690 1524 1859 1571 betant
1829 1524 1866 1571 i.
1896 1524 1940 1571 der
1962 1524 2101 1571 angauli
2153 1524 2189 1571 et·

1176 1562 1235 1609 atu
1301 1562 1337 1609 wie
1367 1562 1396 1609 er
1426 1562 1470 1609 als
1514 1562 1763 1609 Sanederlehrbub
1800 1562 1852 1609 mit
1866 1562 1962 1609 ſeinen
2013 1562 2094 1609 Meter
2138 1562 2189 1609 auf

1176 1600 1213 1647 de
1257 1600 1323 1647 or
1315 1600 1403 1647 re
1374 1600 1543 1647 aeaeen
1565 1600 1587 1647 .
1616 1600 1623 1647 d
1682 1600 1690 1647 .
1198 1600 1756 1647 ie
1279 1600 1829 1647 ich
1873 1600 1939 1647 bede
1968 1600 1998 1647 in
2034 1600 2181 1647 das
2115 1600 2181 1647 baue

1176 1638 1249 1685 ier
1279 1638 1381 1685 Kuden
1403 1638 1521 1685 beaaben
1535 1638 1587 1685 und
1609 1638 1667 1685 dort
1697 1638 1807 1685 wahrend
1829 1638 1873 1685 der
1902 1638 2078 1685 Dauer
2122 1638 2189 1685 rben

1213 1676 1323 1723 ohnuna
1352 1676 1396 1723 ud
1440 1676 1492 1723 Kot
1514 1676 1646 1723 erhielten,
1668 1676 1712 1723 um
1741 1676 1793 1723 nach
1837 1676 1998 1723 Beendiauna
2028 1676 2072 1723 der
2101 1676 2189 1723 uren

1199 1713 1206 1760 m
1229 1713 1319 1760 eneñ
1229 1713 1439 1760 andern
1469 1713 1574 1760 Kunden
1596 1713 1626 1760 u
1679 1713 1784 1760 andern.
1829 1713 1867 1760 Die
1889 1713 2144 1760 aauſchnederi.
2167 1713 2182 1760 ie

1191 1752 1198 1799 a
1220 1752 1257 1799 au
1308 1752 1381 1799 beute
1396 1752 1455 1799 noch
1477 1752 1506 1799 in
1521 1752 1609 1799 vielen
1624 1752 1756 1799 damien
1778 1752 1815 1799 des
1866 1752 1896 1799 Mu
1947 1752 2042 1799 tandss
2064 1752 2116 1799 von
2131 1752 2189 1799 Zen

1184 1790 1205 1837 iu
1263 1790 1449 1837 eint.
1435 1790 1543 1837 tann
1564 1790 1700 1837 ebenoals
1715 1790 1758 1837 als
1787 1790 1944 1837 verretern
1966 1790 2045 1837 dieſer
2074 1790 2188 1837 aewert·

1176 1826 1261 1873 ii
1299 1826 1437 1873 Thaiatet
1460 1826 1621 1873 eſeinen.
1652 1826 1836 1873 iobeſondete
1882 1826 1944 1873 wenn
1990 1826 1997 1873 e
2028 1826 2182 1873 aleicuenis

1177 1866 1213 1913 im
1241 1866 1327 1913 Hauſe
1349 1866 1528 1913 ubernachiet.
1571 1866 1614 1913 was
1650 1866 1672 1913 ia
1715 1866 1765 1913 auf
1794 1866 1851 1913 den
1880 1866 1959 1913 Lande
1987 1866 2045 1913 noch
2074 1866 2152 1913 vielia

1179 1902 1344 1949 votommt.
1404 1902 1464 1949 Gue
1524 1902 1584 1949 reite
1652 1902 1704 1949 orn
1734 1902 1779 1949 des
1809 1902 1884 1949 Lohn
1899 1902 1967 1949 werts
2005 1902 2035 1949 it
2065 1902 2102 1949 die
2147 1902 2185 1949 bi

1195 1941 1297 1988 wecher
1327 1941 1371 1988 dos
1429 1941 1584 1988 ohvrodut
1620 1941 1657 1988 ur
1701 1941 1885 1988 Verarbenuna
1921 1941 1951 1988 in
2002 1941 2024 1988 ie
2053 1941 2186 1988 vetriebe—

1203 1979 1257 2026 ane
1280 1979 1326 2026 des
1380 1979 1541 2026 ohnwers
1571 1979 1694 2026 aebact
1725 1979 1771 2026 wid
1778 1979 1886 2026 .
1809 1979 1886 2026 a
1924 1979 1955 2026 as
1978 1979 2100 2026 Getrede
2131 1979 2185 2026 un

1205 2018 1296 2065 Mnuer.
1331 2018 1373 2065 der
1408 2018 1506 2065 Kucen
1534 2018 1576 2065 der
1604 2018 1744 2065 Hauofrau
1779 2018 1842 2065 aum
1877 2018 1975 2065 Baaer.
2031 2018 2073 2065 Jn
2101 2018 2186 2065 ernten

1206 2053 1266 2100 aue,
1296 2053 1514 2100 der
1559 2053 1619 2100 Siot
1656 2053 1686 2100 in
1476 2053 1761 2100 der
1799 2053 1964 2100 Lohnwerter
2009 2053 2092 2100 ediali
2129 2053 2189 2100 in

1187 2092 1271 2139 vete
1302 2092 1371 2139 eee
1409 2092 1532 2139 eeondei
1563 2092 1708 2139 urbetege
1693 2092 1892 2139 ecoiaichteit.
1915 2092 1954 2139 in
1977 2092 2084 2139 uweiten
2107 2092 2184 2139 alt

1179 2131 1274 2178 tomu
1296 2131 1340 2178 der
1377 2131 1443 2178 Beſt
1472 2131 1524 2178 von
1546 2131 1788 2178 ubensgeratden
1810 2131 1883 2178 da.
1905 2131 2096 2178 iuobeſondere
2118 2131 2184 2178 uiit

1203 2166 1286 2213 enerorahieo
1345 2166 1470 2213 hie
1420 2166 1545 2213 ue
1520 2166 1620 2213 enl
1595 2166 1620 2213 n.
1695 2166 1753 2213 aene
1812 2166 1820 2213 d
1837 2166 2070 2213 enenſeL.

1270 2203 1295 2250 ee
1345 2203 1428 2250 beden
1361 2203 1628 2250 eaaiten
1662 2203 1737 2250 alen
1762 2203 1804 2250 dee
1837 2203 1987 2250 xohntets
2104 2203 2112 2250 s
2146 2203 2188 2250 ae

1184 2242 1319 2289 meinſan.
1341 2242 1386 2289 dos
1416 2242 1439 2289 in
1469 2242 1544 2289 inen
1567 2242 1612 2289 der
1649 2242 1837 2289 Aufrraaaeber
1860 2242 1957 2289 alein
1972 2242 2017 2289 iia
2048 2242 2100 2289 aue
2138 2242 2183 2289 das

1182 2281 1212 2328 u
1234 2281 1432 2328 verarbenende
1468 2281 1593 2328 VMaieiat
1630 2281 1718 2328 ieiet.
1762 2281 1813 2328 Das
1865 2281 1894 2328 at
1916 2281 2063 2328 mancherle
2099 2281 2187 2328 unbe·

1198 2319 1396 2366 uemlicteten
1418 2319 1462 2366 inr
1484 2319 1536 2366 den
1558 2319 1690 2366 urbeuer.
1719 2319 1866 2366 mancerle
1932 2319 2042 2366 earen
2072 2319 2116 2366 iur
2138 2319 2189 2366 den

1190 2357 1312 2404 vener
1341 2357 1391 2404 ur
1434 2357 1721 2404 Bealeterſcheinuna.
1778 2357 1821 2404 De
1864 2357 1958 2404 weuere
2022 2357 2166 2404 nwickelunn

1177 2393 1239 2440 ana
1269 2393 1361 2440 daruñ
1384 2393 1415 2440 in
1438 2393 1883 2440 der
1538 2393 1584 2440 ene
1607 2393 2021 2440 vorbeuter
2051 2393 2097 2440 auc
2136 2393 2182 2440 dat

1205 2433 1320 2480 Maiernal
1349 2433 1478 2480 veloraie.
1521 2433 1564 2480 das
1607 2433 1635 2480 er
1671 2433 1850 2480 verarbentete.
1908 2433 1944 2480 So
1979 2433 2094 2480 enmaand
2144 2433 2180 2480 als

1178 2469 1328 2516 die
1253 2469 1448 2516 vuſe
1478 2469 1524 2516 der
1554 2469 1741 2516 aewerblccen
1779 2469 1967 2516 Enwiceluna
2004 2469 2049 2516 das
2094 2469 2192 2516 eigent—

1183 2508 1242 2555 nee
1271 2508 1448 2555 oandwert.¶
1506 2508 1528 2555 ut
1550 2508 1602 2555 ſein
1638 2508 1646 2555 m
1683 2508 1807 2555 Eilaten
1829 2508 1940 2555 beaanm
1962 2508 2006 2555 es.
2028 2508 2182 2555 vlannatis

1177 2546 1206 2593 au
1280 2546 1294 2593 ie
1331 2546 1493 2593 Beſeiiauna
1522 2546 1566 2593 der
1588 2546 1713 2593 fruhteren
1750 2546 1977 2593 Berieboſyſeee
1999 2546 2190 2593 bimuwirten.

1177 2584 1227 2631 und
1270 2584 1299 2631 wo
1320 2584 1363 2631 de
1385 2584 1535 2631 ſaduſcen
1571 2584 1708 2631 Beborden
1736 2584 1830 2631 ſcwac
1880 2584 1966 2631 aenus
1995 2584 2067 2631 dan
2095 2584 2189 2631 waren,

1177 2620 1231 2667 ieu
1277 2620 1338 2667 mn
1377 2620 1691 2667 raſe
1745 2620 1814 2667 aden
1844 2620 1867 2667 ab
1921 2620 1944 2667 d.
1936 2620 1990 2667 .
2013 2620 2074 2667 man
2113 2620 2189 2667 wiru

1177 2660 1324 2707 die
1247 2660 1338 2707 Siorer
1366 2660 1394 2707 in
1415 2660 1464 2707 den
1492 2660 1611 2707 Haſern
1632 2660 1702 2707 ihrer
1723 2660 1842 2707 gKunden
1863 2660 1891 2707 au
1933 2660 1982 2707 urd
2032 2660 2060 2707 oa
2088 2660 2116 2707 fe
2144 2660 2186 2707 zur

1191 2697 1428 2744 Verawontuna.
1492 2697 1535 2744 Sie
1585 2697 1800 2744 harateriſuiſche
1850 2697 2108 2744 Eiaenthumlicten
2137 2697 2187 2744 der

1200 2733 1470 2780 andertemeinen
1508 2733 1703 2780 Dniebs·weie
1763 2733 1770 2780 t
1801 2733 1838 2780 die
1913 2733 2041 2780 odutuon
1560 2733 2116 2780 ur
2146 2733 2184 2780 b-

1179 2769 1293 2816 ſmmte
1350 2769 1440 2816 ude.
1473 2769 2020 2816 die
1407 2769 1579 2816 en
1497 2769 2184 2816 ierheeen

1178 2807 1238 2854 oder
1261 2807 1298 2854 die
1328 2807 1366 2854 der
1388 2807 1561 2854 oaidwerter
1584 2807 1741 2854 reaelmatia
1764 2807 1816 2854 aut
1831 2807 1884 2854 den
1922 2807 2094 2854 ahmartien
2109 2807 2192 2854 int.

1193 2846 1300 2893 Daduro
1338 2846 1423 2893 wude
1446 2846 1515 2893 dann
1538 2846 1691 2893 aleꝛeuna
1730 2846 1753 2893 ei
1799 2846 1891 2893 tieiner
1929 2846 2037 2893 unſas
2067 2846 2106 2893 der
2129 2846 2183 2893 eu—

1209 2879 1465 2926 iuen
1489 2879 1609 2926 bedia.

165 1381 194 1433 ie
283 1381 735 1433 nnnwickelunasſnfen
765 1381 834 1433 des
863 1381 1119 1433 Gewerbes.

159 1430 254 1482 ẽ
280 1430 358 1482 itr
375 1430 506 1482 tdnr
532 1430 653 1482 diorua
714 1430 749 1482 ne
375 1430 939 1482 tuma
1096 1430 1122 1482 ee

114 1468 392 1520 ereweln
418 1468 591 1520 unietnchne
669 1468 712 1520 oli
721 1468 738 1520 ·.
721 1468 903 1520 e
825 1468 877 1520 d
868 1468 1016 1520 de
938 1468 1094 1520 igeblti

148 1509 302 1561 eleaenhet.
331 1509 463 1561 nnerdalb
492 1509 595 1561 weniaer
624 1509 720 1561 Schrt
749 1509 910 1561 ale
844 1509 1101 1561 ormen
954 1509 984 1561 z
1006 1509 1123 1561 udnen.

139 1547 204 1599 e
233 1547 268 1599 die
319 1547 412 1599 ewewe
440 1547 469 1599 in
491 1547 555 1599 irer
605 1547 777 1599 ahriauſende
806 1547 906 1599 langen
949 1547 1114 1599 uwitelung

118 1584 316 1636 dudaenact
338 1584 434 1636 daben.
478 1584 639 1636 Die
544 1584 712 1636 uioneenuna
742 1584 925 1636 ſcwedncen
947 1584 1116 1636 Hanofne⸗

118 1622 197 1674 unier
233 1622 283 1674 den
326 1622 412 1674 inden.
448 1622 483 1674 die
519 1622 756 1674 oanſchneiderin
720 1622 784 1674 rnn
813 1622 820 1674 n
849 1622 892 1674 der
921 1622 1121 1674 toaerreien

143 1659 231 1711 anie
268 1659 341 1711 raend
371 1659 407 1711 en
422 1659 539 1711 biederer
561 1659 745 1711 oadwerter.
759 1659 796 1711 die
825 1659 1119 1711 Kontetioneinnuunte

151 1697 158 1749 n
202 1697 459 1749 oauooiiaeewlate
503 1697 540 1749 nd
584 1697 672 1749 enduo
716 1697 753 1749 die
804 1697 914 1749 noderne
951 1697 1046 1749 dabrit
1076 1697 1120 1749 nt

120 1735 274 1787 oundenen
296 1735 355 1787 oder
392 1735 546 1787 Tanſenden
568 1735 619 1787 von
656 1735 802 1787 Arbeite:
824 1735 890 1787 ider
912 1735 971 1787 von
1000 1735 1074 1787 hnen
1103 1735 1118 1787 n

122 1772 162 1824 ier
194 1772 322 1824 venneeer
218 1772 418 1824 eer
346 1772 610 1824 enmnten
658 1772 1050 1824 uwiaeungsituſerer
1074 1772 1123 1824 etn

120 1810 197 1862 o
166 1810 197 1862 ho
250 1810 342 1862 enwa
350 1810 427 1862 ten
481 1810 603 1862 iduttee

229 1846 271 1898 en
304 1846 805 1898 aon
388 1846 413 1898 ſe
438 1846 546 1898 emec.
588 1846 1006 1898 ie
655 1846 697 1898 nig
738 1846 822 1898 utan
855 1846 939 1898 eii
972 1846 1014 1898 de
1072 1846 1123 1898 atr

118 1885 164 1937 der
187 1885 356 1937 taſmann
371 1885 640 1937 Ratonalotonoie.
671 1885 709 1937 ſio
755 1885 794 1937 die
832 1885 909 1937 Sache
947 1885 1024 1937 eegen
1085 1885 1124 1937 nde

120 1925 457 1977 des
192 1925 227 1977 is.
285 1925 457 1977 ahrdunders
485 1925 571 1977 date
622 1925 679 1977 ieati
701 1925 729 1977 fie
751 1925 808 1977 dod
844 1925 916 1977 nicht.
951 1925 1016 1977 .dn
1037 1925 1124 1977 einem

143 1961 218 2013 aaer·
241 1961 646 2013 odet
676 1961 699 2013 iic
737 1961 782 2013 ein
842 1961 924 2013 enſch,
962 1961 1007 2013 der
1037 1961 1127 2013 Boaen

131 2000 146 2052 n
224 2000 282 2052 iene
325 2000 354 2052 n
397 2000 526 2052 aroterer
562 2000 777 2052 Geſhiauchtent
805 2000 942 2052 verfertat
992 2000 1021 2052 al
1078 2000 1121 2052 aule

111 2037 223 2089 anderi.
279 2037 307 2089 Er
328 2037 426 2089 iauſat
461 2037 482 2089 ie
510 2037 594 2089 aegen
629 2037 685 2089 Bieb
713 2037 776 2089 oder
839 2037 930 2089 lnpret
965 2037 1007 2089 bei
1035 2037 1126 2089 ſeinen

113 2072 244 2124 Gen
213 2072 313 2124 en
274 2072 397 2124 ud
436 2072 505 2124 find·
512 2072 520 2124 t
551 2072 681 2124 ſletco
735 2072 781 2124 dat
827 2072 850 2124 er
888 2072 896 2124 i
950 2072 1011 2124 dabe
1042 2072 1111 2124 bene

138 2111 190 2163 et,.
235 2111 273 2163 as
348 2111 400 2163 en
438 2111 460 2163 er
505 2111 580 2163 ſeln
235 2111 663 2163 aut
715 2111 730 2163 ie
798 2111 843 2163 asd
888 2111 963 2163 eige
1031 2111 1106 2163 Zlet

122 2150 201 2202 nact
222 2150 251 2202 er
273 2150 316 2202 die
337 2150 516 2202 uſernertaua
545 2150 595 2202 von
624 2150 811 2202 Sciekaeraih
868 2150 875 2202 n
911 2150 997 2202 ſeiner
1026 2150 1126 2202 Hai—

110 2187 308 2239 veiaaaua
337 2187 381 2239 und
440 2187 469 2239 id
528 2187 543 2239 u
565 2187 638 2239 ener
660 2187 712 2239 airi
748 2187 844 2239 Baffen
902 2187 961 2239 mied.
1056 2187 1123 2239 anit

160 2225 234 2277 daun
263 2225 314 2277 nach
351 2225 432 2277 adam
461 2225 542 2277 Snuh
571 2225 615 2277 der
637 2225 813 2277 Handwerter
835 2225 857 2277 i
894 2225 938 2277 ud
967 2225 1041 2277 fertg
1070 2225 1114 2277 und

140 2262 170 2314 en
230 2262 253 2314 e
313 2262 350 2314 na
410 2262 448 2314 der
328 2262 996 2314 andenterfteund
1056 2262 1101 2314 teir
1116 2262 1123 2314 ·

116 2301 219 2353 umſerer
248 2301 491 2353 .unelanderonitero
527 2301 733 2353 nae,
777 2301 1071 2353 were
880 2301 931 2353 un
968 2301 1115 2353 lliirens

116 2339 168 2391 ide
212 2339 300 2391 weliere
344 2339 528 2391 Euwigeeuna
557 2339 755 2391 abaeſhlonen.
807 2339 954 2391 octene.
990 2339 1034 2391 dgt
1078 2339 1122 2391 man

116 2377 166 2429 den
195 2377 367 2429 oandwerter
403 2377 460 2429 nocd
503 2377 546 2429 nmt
582 2377 625 2429 der
654 2377 826 2429 iErichtung
862 2377 919 2429 von
962 2377 1062 2429 inten
1084 2377 1120 2429 be—

111 2413 176 2465 aa
250 2413 299 2465 ud
331 2413 389 2465 ihn
421 2413 757 2465 de
487 2413 552 2465 Zatl
585 2413 626 2465 dr
683 2413 691 2465 u
748 2413 871 2465 eleeden
920 2413 1035 2465 erlee
1067 2413 1116 2465 ud

148 2452 236 2504 eſelen
258 2452 441 2504 vorlchreben
463 2452 566 2504 tonuee

187 2490 259 2542 aber
280 2490 366 2542 uere
416 2490 517 2542 ewerbe
560 2490 638 2542 aben.
674 2490 710 2542 wie
732 2490 818 2542 nenere
868 2490 1033 2542 orichungen
1047 2490 1119 2542 uber·

117 2526 220 2578 unaend
264 2526 389 2578 darihun.
448 2526 455 2578 i
536 2526 580 2578 nur
617 2526 749 2578 enerſeins
793 2526 866 2578 einen
903 2526 1021 2578 aderen
1087 2526 1123 2578 nt—

116 2563 346 2615 ĩiaeungeana
385 2563 553 2615 aenonmen.
600 2563 699 2615 ondern
738 2563 807 2615 nd.
861 2563 884 2615 ie
922 2563 1022 2615 de
991 2563 1122 2615 Gechice

114 2603 157 2655 der
193 2603 279 2655 iien
315 2603 451 2655 addenhal
530 2603 710 2655 abrhunderte
753 2603 846 2655 aeeiat
875 2603 918 2655 hat
961 2603 1004 2655 ac
1054 2603 1097 2655 ein

116 2641 291 2693 doribiuna
319 2641 382 2693 uber
403 2641 445 2693 die
494 2641 550 2693 orn
571 2641 620 2693 des
648 2641 810 2693 Handwerts
859 2641 936 2693 iaus
964 2641 1048 2693 faha.

216 2679 231 2731 a
295 2679 381 2731 dielen
439 2679 590 2731 raebunen
633 2679 877 2731 wienſaanuicher
913 2679 1056 2731 Forſchuna
1099 2679 1121 2731 n

116 2716 263 2768 uoerhaut
292 2716 351 2768 niat
388 2716 417 2768 in
454 2716 601 2768 Handwet
630 2716 667 2768 die
696 2716 807 2768 uiorn
836 2716 909 2768 auler
939 2716 1122 2768 aewerbuichen

142 2754 317 2806 taiaten
338 2754 436 2806 ſuden.
471 2754 576 2806 ondern
597 2754 625 2806 in
646 2754 716 2806 dem.
751 2754 793 2806 was
814 2754 877 2806 man
898 2754 1059 2806 neuerdings
1080 2754 1122 2806 as

135 2791 1061 2843 Hauifein
315 2791 480 2843 beeinmt¶
509 2791 552 2843 Die
566 2791 681 2843 damle
695 2791 710 2843 i
745 2791 796 2843 auo
817 2791 1112 2843 der
889 2791 1011 2843 nahmenn
1054 2791 1119 2843 nner

113 2828 143 2880 ba
216 2828 282 2880 een
304 2828 370 2880 aes
392 2828 451 2880 das,
487 2828 531 2880 was
561 2828 605 2880 vr
634 2828 708 2880 beuie
730 2828 774 2880 als
796 2828 964 2880 gewerbihe
994 2828 1119 2880 Vrodute

114 2866 272 2918 beeihnen.
300 2866 472 2918 urprunalc
523 2866 594 2918 nicht
623 2866 673 2918 nur
709 2866 860 2918 hergeſueut
924 2866 1024 2918 oodern
1060 2866 1111 2918 aun

109 2900 272 2952 vrnci
582 2900 631 2952 aeg
664 2900 672 2952 ·
713 2900 762 2952 det
803 2900 909 2952 untgn
370 2900 942 2952 d.
999 2900 1007 2952 e
1072 2900 1105 2952 da

146 2938 266 2990 rnenans
296 2938 341 2990 aut
363 2938 461 2990 ſeinen
483 2938 581 2990 aamen
559 2938 686 2990 eae
716 2938 769 2990 von
791 2938 836 2990 der
866 2938 1039 2990 Bearbeituna
1077 2938 1122 2990 des

118 2977 269 3029 nofnone
319 2977 462 3029 naefanaen
491 2977 527 3029 bis
563 2977 606 3029 ur
642 2977 800 3029 Volendung
843 2977 893 3029 und
929 2977 994 3029 zun
1022 2977 1123 3029 ſhliet·

121 3014 202 3066 icen
224 3014 422 3066 öoltaniaen
451 3014 583 3066 verbaauc
620 3014 649 3066 di
693 3014 818 3066 Sweue
848 3014 892 3066 des
950 3014 1024 3066 aaungs
1068 3014 1126 3066 nigt

125 3052 235 3104 veruct.
257 3052 382 3104 vennuu.
404 3052 433 3104 da
485 3052 521 3104 der
551 3052 668 3104 urbener
690 3052 705 3104 e
756 3052 822 3104 oo
881 3052 969 3104 nderes
998 3052 1057 3104 Jue
1079 3052 1123 3104 eſe

117 3090 153 3142 an
174 3090 231 3142 den
274 3090 310 3142 En
332 3090 404 3142 uas
432 3090 518 3142 ſeer
547 3090 633 3142 Hande
662 3090 748 3142 ahm.
569 3090 812 3142 als
841 3090 999 3142 teuutoae
1064 3090 1071 3142 o
1099 3090 1121 3142 er

117 3127 174 3179 ene
203 3127 274 3179 neine
332 3127 468 3179 hiaibet
490 3127 662 3179 tauſendil
683 3127 726 3179 am
755 3127 820 3179 Taae
856 3127 1028 3179 wiedertolen
1049 3127 1128 3179 tan,

122 3164 186 3216 ohne
208 3164 337 3216 vieleiai
359 3164 409 3216 das
445 3164 538 3216 feriae
588 3164 681 3216 iodutt
717 3164 818 3216 ennal
846 3164 875 3216 in
911 3164 947 3216 die
976 3164 1062 3216 oande
1112 3164 1126 3216 u

113 3201 278 3253 vetonmen.
342 3201 393 3253 Ses
436 3201 550 3253 pevoui
586 3201 593 3253 ·
629 3201 794 3253 Vervaſen
845 3201 881 3253 nit
436 3201 967 3253 den
1017 3201 1125 3253 Arbeite·

115 3238 167 3290 nua
203 3238 321 3290 vewite
358 3238 431 3290 dann
460 3238 527 3290 aber
563 3238 615 3290 and
659 3238 703 3290 das
740 3238 879 3290 uetevoe
798 3238 1063 3290 erſenten
1114 3238 1121 3290 n

115 3276 181 3328 edes
211 3276 321 3328 eelne
358 3276 424 3328 eie
460 3276 512 3328 und
548 3276 703 3328 enwiaeete
739 3276 798 3328 auch
835 3276 864 3328 in
894 3276 1114 3328 den
989 3276 1121 3328 emeenen

144 3314 232 3366 rbener
261 3314 305 3366 den
327 3314 423 3366 feinen
445 3314 570 3366 dornen·
606 3314 643 3366 un
687 3314 863 3366 Farbenfnn.
900 3314 944 3366 den
981 3314 1047 3366 man
1076 3314 1120 3366 auf

111 3349 159 3401 vr
175 3349 255 3401 ſane
303 3349 359 3401 aen
383 3349 559 3401 uotteuns
583 3349 751 3401 beotgtn
767 3349 848 3401 tann.

225 3389 232 3441 n
260 3389 339 3441 dieſer
397 3389 461 3441 orn.
483 3389 526 3441 als
569 3389 705 3441 oaueflei
748 3389 806 3441 oder
835 3389 993 3441 Hauewett
1093 3389 1122 3441 as

122 3426 244 3478 centte
273 3426 330 3478 nach
373 3426 416 3478 der
445 3426 624 3478 Behaupuns
689 3426 775 3478 iccers
796 3426 875 3478 ſogar
911 3426 976 3478 ater
1012 3426 1055 3478 as
1090 3426 1126 3478 die

117 3463 264 3515 Ladib
271 3463 403 3515 idat.¶
433 3463 550 3515 Betannt
580 3463 609 3515 in
646 3463 675 3515 ia.
704 3463 748 3515 das
785 3463 807 3515 in
836 3463 888 3515 den
917 3463 1123 3515 Stavenih·

116 3500 228 3552 ſaaten
251 3500 296 3552 der
326 3500 453 3552 Griecen
491 3500 536 3552 und
581 3500 671 3552 Roner
784 3500 874 3552 bereis
911 3500 1054 3552 aahlreiche
1092 3500 1129 3552 n·

110 3539 374 3591 vnriele
308 3539 389 3591 beer
411 3539 543 3591 beſanden
572 3539 624 3591 und
660 3539 704 3591 das
734 3539 792 3591 auh
829 3539 895 3591 aKal
917 3539 961 3591 der
990 3539 1078 3591 ote
1115 3539 1123 3591 n

117 3576 192 3628 eiier
297 3576 304 3628 ·
312 3576 379 3628 nſuna
424 3576 469 3628 iee
514 3576 522 3628 d
620 3576 770 3628 erwaltna
807 3576 852 3628 der
890 3576 1040 3628 Ldauier
1070 3576 1123 3628 eie

114 3615 193 3667 aane
236 3615 301 3667 neite
329 3615 379 3667 von
401 3615 595 3667 oadwertern
624 3615 717 3667 nennt.
738 3615 774 3667 die
796 3615 868 3667 jeder
918 3615 961 3667 oat
983 3615 1011 3667 in
1040 3615 1126 3667 einen

123 3652 216 3704 Sieiſe
245 3652 331 3704 baben
360 3652 446 3704 ne.
503 3652 546 3704 Die
575 3652 711 3704 uduſrie
740 3652 768 3704 in
790 3652 833 3704 der
855 3652 941 3704 dorn
962 3652 1005 3704 des
1034 3652 1127 3704 Haus—

114 3689 144 3741 ne
158 3689 202 3741 tes
246 3689 268 3741 .
298 3689 334 3741 ie
356 3689 400 3741 das
452 3689 540 3741 epiel
569 3689 738 3741 Scwedens,
775 3689 914 3741 Autlands.
936 3689 1127 3741 verichiedener

121 3727 315 3779 valtanlader
351 3727 379 3779 u.
401 3727 423 3779 i.
458 3727 487 3779 w.
516 3727 631 3779 bawein.
659 3727 717 3779 noch
753 3727 889 3779 durcas
925 3727 990 3779 nici
1026 3727 1126 3779 ausge·

170 3759 223 3811 bn.
285 3759 541 3811 Se
506 3759 541 3811 nie
621 3759 630 3811 b
674 3759 701 3811 un
727 3759 851 3811 tutcid
860 3759 869 3811 ·
886 3759 939 3811 aut
957 3759 1010 3811 die
1081 3759 1107 3811 in

956 720 1471 848 wls
1619 720 2576 848 duu

978 1069 1202 1197 om
2287 1069 2382 1197 en

1228 1190 1901 1318 rrercewcrrmer
1944 1190 2269 1318 cmee—
